@inproceedings{10.1145/157485.164569,
author = {Clarke, E. M. and McMillan, K. L. and Zhao, X and Fujita, M. and Yang, J.},
title = {Spectral Transforms for Large Boolean Functions with Applications to Technology Mapping},
year = {1993},
isbn = {0897915771},
publisher = {Association for Computing Machinery},
address = {New York, NY, USA},
url = {https://doi.org/10.1145/157485.164569},
doi = {10.1145/157485.164569},
booktitle = {Design Automation},
pages = {54-60},
numpages = {7},
location = {Dallas, Texas, USA},
series = {DAC '93}
}

@inproceedings{ardeshir2013equivalence,
  title={Equivalence checking of quantum protocols},
  author={Ardeshir-Larijani, Ebrahim and Gay, Simon J and Nagarajan, Rajagopal},
  booktitle={TACAS},
  pages={478--492},
  year={2013},
  organization={Springer}
}

@article{melko2019restricted,
  title={Restricted {B}oltzmann machines in quantum physics},
  author={Melko, Roger G and Carleo, Giuseppe and Carrasquilla, Juan and Cirac, J Ignacio},
  journal={Nature Physics},
  volume={15},
  number={9},
  pages={887--892},
  year={2019},
  publisher={Nature Publishing Group UK London}
}

@article{schollwock2011density,
  title={The density-matrix renormalization group in the age of matrix product states},
  author={Schollw{\"o}ck, Ulrich},
  journal={Annals of physics},
  volume={326},
  number={1},
  pages={96--192},
  year={2011},
  publisher={Elsevier}
}


@inproceedings{clarke1993spectral,
  title={Spectral transforms for large boolean functions with applications to technology mapping},
  author={Clarke, Edmund M and McMillan, Kenneth L and Zhao, Xudong and Fujita, Masahiro and Yang, Jerry},
  booktitle={Design Automation},
  pages={54--60},
  year={1993}
}

@inproceedings{wilson2005decision,
  title={Decision diagrams for the computation of semiring valuations},
  author={Wilson, Nic},
  booktitle={IJCAI},
  pages={331--336},
  year={2005}
}

@article{lai1994evbdd,
  title={{EVBDD}-based algorithms for integer linear programming, spectral transformation, and function decomposition},
  author={Lai, Y-T and Pedram, Massoud and Vrudhula, Sarma BK},
  journal={IEEE CADICS},
  volume={13},
  number={8},
  pages={959--975},
  year={1994},
  publisher={IEEE}
}

@inproceedings{fargier2013semiring,
  title={Semiring Labelled Decision Diagrams, Revisited},
  author={Fargier, H{\'e}lene and Marquis, Pierre and Schmidt, Nicolas },
  booktitle={IJCAI},
  pages={884--890},
  year={2013}
}

@article{jonsson2018neural,
  title={Neural-network states for the classical simulation of quantum computing},
  author={J{\'o}nsson, Bjarni and Bauer, Bela and Carleo, Giuseppe},
  journal={arXiv preprint arXiv:1808.05232},
  year={2018}
}

@inproceedings{zulehner2019efficiently,
  title={How to efficiently handle complex values? Implementing decision diagrams for quantum computing},
  author={Zulehner, Alwin and Hillmich, Stefan and Wille, Robert},
  booktitle={2019 IEEE/ACM International Conference on Computer-Aided Design (ICCAD)},
  pages={1--7},
  year={2019},
  organization={IEEE}
}

@article{zulehner2017one,
  title={One-pass design of reversible circuits: Combining embedding and synthesis for reversible logic},
  author={Zulehner, Alwin and Wille, Robert},
  journal={IEEE Transactions on Computer-Aided Design of Integrated Circuits and Systems},
  volume={37},
  number={5},
  pages={996--1008},
  year={2017},
  publisher={IEEE}
}


@inproceedings{synthesis,
author = {Smith, Kaitlin N. and Thornton, Mitchell A.},
title = {A Quantum Computational Compiler and Design Tool for Technology-Specific Targets},
year = {2019},
isbn = {9781450366694},
publisher = {Association for Computing Machinery},
address = {New York, NY, USA},
url = {https://doi.org/10.1145/3307650.3322262},
doi = {10.1145/3307650.3322262},
booktitle = {Proceedings of the 46th International Symposium on Computer Architecture},
pages = {579â€“588},
numpages = {10},
keywords = {compilation, quantum computing, QIS, quantum information science, logic synthesis},
location = {Phoenix, Arizona},
series = {ISCA '19}
}

@inproceedings{DBLP:conf/date/HillmichKMW21,
  author    = {Stefan Hillmich and
               Richard Kueng and
               Igor L. Markov and
               Robert Wille},
  title     = {As Accurate as Needed, as Efficient as Possible: Approximations in
               {D}{D}-based Quantum Circuit Simulation},
  booktitle = {Design, Automation {\&} Test in Europe Conference {\&} Exhibition,
               {DATE} 2021, Grenoble, France, February 1-5, 2021},
  pages     = {188--193},
  publisher = {{IEEE}},
  year      = {2021},
  url       = {https://doi.org/10.23919/DATE51398.2021.9474034},
  doi       = {10.23919/DATE51398.2021.9474034},
  timestamp = {Wed, 21 Jul 2021 10:05:23 +0200},
  biburl    = {https://dblp.org/rec/conf/date/HillmichKMW21.bib},
  bibsource = {dblp computer science bibliography, https://dblp.org},
  nolink={}
}

@article{berg2020circuit,
  title={Circuit optimization of Hamiltonian simulation by simultaneous diagonalization of {P}auli clusters},
  author={van den Berg, Ewout and Temme, Kristan},
  journal={Quantum},
  volume={4},
  pages={322},
  year={2020},
  publisher={Verein zur F{\"o}rderung des Open Access Publizierens in den Quantenwissenschaften},
    nolink={}
}

@inproceedings{feinstein2011skipped,
  title={On the skipped variables of quantum multiple-valued decision diagrams},
  author={Feinstein, David Y and Thornton, Mitchell A},
  booktitle={2011 41st IEEE International Symposium on Multiple-Valued Logic},
  pages={164--169},
  year={2011},
  organization={IEEE},
    nolink={}
}

@inproceedings{rudell1993dynamic,
  title={Dynamic variable ordering for ordered binary decision diagrams},
  author={Rudell, Richard},
  booktitle={Proceedings of 1993 International Conference on Computer Aided Design (ICCAD)},
  pages={42--47},
  year={1993},
  organization={IEEE},
    nolink={}
}

@article{fujita1997multi,
  title={Multi-terminal binary decision diagrams: An efficient data structure for matrix representation},
  author={Fujita, Masahiro and McGeer, Patrick C. and Yang, JC-Y},
  journal={Formal methods in system design},
  volume={10},
  number={2-3},
  pages={149--169},
  year={1997},
  publisher={Springer},
    nolink={}
}

@article{dalzell2019locally,
  title={Locally accurate MPS approximations for ground states of one-dimensional gapped local Hamiltonians},
  author={Dalzell, Alexander M and Brand{\~a}o, Fernando GSL},
  journal={Quantum},
  volume={3},
  pages={187},
  year={2019},
  publisher={Verein zur F{\"o}rderung des Open Access Publizierens in den Quantenwissenschaften},
  nolink={}
}

@article{vidal2003efficient,
  title={Efficient classical simulation of slightly entangled quantum computations},
  author={Vidal, Guifr{\'e}},
  journal={Physical review letters},
  volume={91},
  number={14},
  pages={147902},
  year={2003},
  publisher={APS},
  nolink={}
}

@article{dur2000three,
  title={Three qubits can be entangled in two inequivalent ways},
  author={D{\"u}r, Wolfgang and Vidal, Guifre and Cirac, J Ignacio},
  journal={Physical Review A},
  volume={62},
  number={6},
  pages={062314},
  year={2000},
  publisher={APS},
    nolink={}
}

@article{bennett1996concentrating,
  title={Concentrating partial entanglement by local operations},
  author={Bennett, Charles H and Bernstein, Herbert J and Popescu, Sandu and Schumacher, Benjamin},
  journal={Physical Review A},
  volume={53},
  number={4},
  pages={2046},
  year={1996},
  publisher={APS},
    nolink={}
}

@article{chitambar2014everything,
  title={Everything you always wanted to know about LOCC (but were afraid to ask)},
  author={Chitambar, Eric and Leung, Debbie and Man{\v{c}}inska, Laura and Ozols, Maris and Winter, Andreas},
  journal={Communications in Mathematical Physics},
  volume={328},
  number={1},
  pages={303--326},
  year={2014},
  publisher={Springer},
    nolink={}
}


@inproceedings{fargier2014knowledge,
  title={A knowledge compilation map for ordered real-valued decision diagrams},
  author={Fargier, H{\'e}lene and Marquis, Pierre and Niveau, Alexandre and Schmidt, Nicolas},
  booktitle={Proceedings of the AAAI Conference on Artificial Intelligence},
  volume={28},
  year={2014},
    nolink={}
}

@article{mounce2009development,
  title={Development and verification of an online artificial intelligence system for detection of bursts and other abnormal flows},
  author={Mounce, SR and Boxall, JB and Machell, J},
  journal={Journal of Water Resources Planning and Management},
  volume={136},
  number={3},
  pages={309--318},
  year={2009},
  publisher={American Society of Civil Engineers}
}

@article{barrington1989bounded,
  title={Bounded-width polynomial-size branching programs recognize exactly those languages in NC1},
  author={Barrington, David A},
  journal={Journal of Computer and System Sciences},
  volume={38},
  number={1},
  pages={150--164},
  year={1989},
  publisher={Elsevier}
}

@article{zulehner2018advanced,
  title={Advanced simulation of quantum computations},
  author={Zulehner, Alwin and Wille, Robert},
  journal={IEEE Transactions on Computer-Aided Design of Integrated Circuits and Systems},
  volume={38},
  number={5},
  pages={848--859},
  year={2018},
  publisher={IEEE},
    nolink={}
}

@article{andersen1997introduction,
  title={An introduction to binary decision diagrams},
  author={Andersen, Henrik Reif},
  journal={Lecture notes, available online, IT University of Copenhagen},
  year={1997},
    nolink={}
}

@incollection{somenzi1999binary,
  title={Binary decision diagrams},
  author={Broy, M and Steinbr{\"u}ggen, R},
  booktitle={Calculational system design},
  pages={303--366},
  year={1999},
  publisher={IOS}
}

@article{somenzi2001efficient,
  title={Efficient manipulation of decision diagrams},
  author={Somenzi, Fabio},
  journal={International Journal on Software Tools for Technology Transfer},
  volume={3},
  number={2},
  pages={171--181},
  year={2001},
  publisher={Springer},
    nolink={}
}

@article{viamontes2003improving,
  title={Improving gate-level simulation of quantum circuits},
  author={Viamontes, G. and Markov, Igor and Hayes, John},
  journal={QIP},
  number={5},
  pages={347--380},
  year={2003},
  publisher={Springer},
}

@inproceedings{brace1991efficient,
  title={Efficient implementation of a {B}{D}{D} package},
  author={Brace, Karl S and Rudell, Richard L and Bryant, Randal E},
  booktitle={Proceedings of the 27th ACM/IEEE design automation conference},
  pages={40--45},
  year={1991},
  nolink={}
}


@article{Clarke2001,
author = "Edmund M Clarke and M.  Fujita and P C McGeer and K.  McMillan and J C-Y Yang and X  Zhao",
title = "{Multi-Terminal Binary Decision Diagrams: An Efficient Data Structure for Matrix Representation}",
year = "2001",
month = "2",
url = "https://kilthub.cmu.edu/articles/Multi-Terminal_Binary_Decision_Diagrams_An_Efficient_Data_Structure_for_Matrix_Representation/6607613",
doi = "10.1184/R1/6607613.v1",
  nolink={}
}

@article{russell2015research,
  title={Research priorities for robust and beneficial artificial intelligence},
  author={Russell, Stuart and Dewey, Daniel and Tegmark, Max},
  journal={Ai Magazine},
  volume={36},
  number={4},
  pages={105--114},
  year={2015}
}

@article{brogaard2010high,
  title={High frequency trading and its impact on market quality},
  author={Brogaard, Jonathan and others},
  journal={Northwestern University Kellogg School of Management Working Paper},
  volume={66},
  year={2010}
}

@article{widrow1994neural,
  title={Neural networks: applications in industry, business and science},
  author={Widrow, Bernard and Rumelhart, David E and Lehr, Michael A},
  journal={Communications of the ACM},
  volume={37},
  number={3},
  pages={93--106},
  year={1994},
  publisher={Association for Computing Machinery, Inc.}
}

@article{silver2016mastering,
  title={Mastering the game of Go with deep neural networks and tree search},
  author={Silver, David and Huang, Aja and Maddison, Chris J and Guez, Arthur and Sifre, Laurent and Van Den Driessche, George and Schrittwieser, Julian and Antonoglou, Ioannis and Panneershelvam, Veda and Lanctot, Marc and others},
  journal={nature},
  volume={529},
  number={7587},
  pages={484},
  year={2016},
  publisher={Nature Publishing Group}
}

@article{silver2017mastering,
  title={Mastering the game of go without human knowledge},
  author={Silver, David and Schrittwieser, Julian and Simonyan, Karen and Antonoglou, Ioannis and Huang, Aja and Guez, Arthur and Hubert, Thomas and Baker, Lucas and Lai, Matthew and Bolton, Adrian and others},
  journal={Nature},
  volume={550},
  number={7676},
  pages={354},
  year={2017},
  publisher={Nature Publishing Group}
}

@article{wurman2008coordinating,
  title={Coordinating hundreds of cooperative, autonomous vehicles in warehouses},
  author={Wurman, Peter R and D'Andrea, Raffaello and Mountz, Mick},
  journal={AI magazine},
  volume={29},
  number={1},
  pages={9--9},
  year={2008}
}

@inproceedings{gay2005communicating,
  title={Communicating quantum processes},
  author={Gay, Simon J and Nagarajan, Rajagopal},
  booktitle={Proceedings of the 32nd ACM SIGPLAN-SIGACT Symposium on Principles of Programming languages},
  pages={145--157},
  year={2005}
}

@inproceedings{ardeshir2014verification,
  title={Verification of Concurrent Quantum Protocols by Equivalence Checking.},
  author={Ardeshir-Larijani, Ebrahim and Gay, Simon J and Nagarajan, Rajagopal},
  booktitle={TACAS},
  pages={500--514},
  year={2014},
  organization={Springer}
}

@inproceedings{menze2015object,
  title={Object scene flow for autonomous vehicles},
  author={Menze, Moritz and Geiger, Andreas},
  booktitle={Proceedings of the IEEE Conference on Computer Vision and Pattern Recognition},
  pages={3061--3070},
  year={2015}
}

@inproceedings{wang2015collaborative,
  title={Collaborative deep learning for recommender systems},
  author={Wang, Hao and Wang, Naiyan and Yeung, Dit-Yan},
  booktitle={Proceedings of the 21th ACM SIGKDD international conference on knowledge discovery and data mining},
  pages={1235--1244},
  year={2015},
  organization={ACM}
}

@article{esteva2017dermatologist,
  title={Dermatologist-level classification of skin cancer with deep neural networks},
  author={Esteva, Andre and Kuprel, Brett and Novoa, Roberto A and Ko, Justin and Swetter, Susan M and Blau, Helen M and Thrun, Sebastian},
  journal={Nature},
  volume={542},
  number={7639},
  pages={115},
  year={2017},
  publisher={Nature Publishing Group}
}




%% Saved with string encoding Unicode (UTF-8) 
@ARTICLE{cleary:1984,
author={Cleary, J.G.},
journal={IEEE Transactions on Computers},
title={{Compact Hash Tables Using Bidirectional Linear Probing}},
year={1984},
month={September},
volume={C-33},
number={9},
pages={828 -834},
doiDEL={10.1109/TC.1984.1676499},
ISSN={0018-9340}
}
@Inbook{Stern1995,
author="Stern, Ulrich
and Dill, David L.",
editor="Camurati, Paolo E.
and Eveking, Hans", 
title="Improved probabilistic verification by hash compaction",
bookTitle="CHARME'95",
year="1995",
publisher="Springer",
pages="206--224",
isbn="978-3-540-45516-5",
doi1="10.1007/3-540-60385-9_13",
url1="http://dx.doi.org/10.1007/3-540-60385-9_13"
}

@article{bollig1996improving,
  title={Improving the variable ordering of {OBDD}s is {\NP}-complete},
  author={Bollig, Beate and Wegener, Ingo},
  journal={IEEE Transactions on Computers},
  volume={45},
  pages={993--1002},
  year={1996}
}

@Article{Valmari2006,
author="Valmari, Antti",
title="What the small Rubik's cube taught me about data structures, information theory, and randomisation",
journal="STTT",
year="2006",
month="Jun",
day="01",
volume="8",
number="3",
pages="180--194",
issn="1433-2787",
}



@article{de-vries2014optimizing,
  title={Optimizing State Vector Compression for Program Verification by Reordering Program Variables},
  author={Vries, S.H.S. de},
  journal={21st Twente SConIT},
  volume={21},
  number={June 23},
  year={2014},
  publisher={UTwente}
}

@article{bryant86,
  author    = {Randal E. Bryant},
  title     = {Graph-Based Algorithms for {B}oolean Function Manipulation},
  journal   = {IEEE Trans. Computers},
  volume    = {35},
  number    = {8},
  year      = {1986},
  pages     = {677-691},
  bibsource = {DBLP, http://dblp.uni-trier.de},
  nolink={}
}

@article{bryant2,
author = {Bryant, Randal E.},
title = {Symbolic Boolean Manipulation with Ordered Binary-Decision Diagrams},
year = {1992},
publisher = {Association for Computing Machinery},
address = {New York, NY, USA},
volume = {24},
number = {3},
issn = {0360-0300},
url = {https://doi.org/10.1145/136035.136043},
doi = {10.1145/136035.136043},
journal = {ACM Comput. Surv.},
month = 9,
pages = {293-318},
}

@Inbook{Holzmann1996,
author="Holzmann, G. J.",
editor="Dembi{\'{n}}ski, Piotr
and {\'{S}}redniawa, Marek",
title="An analysis of bitstate hashing",
bookTitle="Protocol Specification, Testing and Verification XV: Proceedings of the Fifteenth IFIP WG6.1 International Symposium on Protocol Specification, Testing and Verification, Warsaw, Poland, June 1995",
year="1996",
publisher="Springer",
pages="301--314",
isbn="978-0-387-34892-6",
doi1="10.1007/978-0-387-34892-6_19",
url1="http://dx.doi.org/10.1007/978-0-387-34892-6_19"
}



@incollection {Geldenhuys,
   author = {Geldenhuys, J. and de Villiers, P. and Rushby, J.},
   affiliation = {University of Stellenbosch Department of Computer Science 7600 Stellenbosch SOUTH AFRICA},
   title = {Runtime Efficient State Compaction in {SPIN}},
   booktitle = {Theoretical and Practical Aspects of SPIN Model Checking},
   series = {LNCS},
   editor = {Dams, Dennis and Gerth, Rob and Leue, Stefan and Massink, Mieke},
   publisher = {Springer},
   isbn = {},
   pages = {12-21},
   volume = {1680},
   url1 = {http://dx.doi.org/10.1007/3-540-48234-2_2},
   year = {1999}
}


@Article{sym2020799,
AUTHOR = {Wahl, Thomas and Donaldson, Alastair},
TITLE = {Replication and Abstraction: Symmetry in Automated Formal Verification},
JOURNAL = {Symmetry},
VOLUME = {2},
YEAR = {2010},
NUMBER = {2},
PAGES = {799--847},
URL1 = {http://www.mdpi.com/2073-8994/2/2/799},
ISSN = {2073-8994},
DOI1 = {10.3390/sym2020799}
}

@article{database,
	Author = {Blom, Stefan and Lisser, Bert and van de Pol, Jaco and Weber, Michael},
	Doi1 = {http://dx.doi.org/10.1016/j.entcs.2007.10.018},
	Issn = {1571-0661},
	Journal = {ENTCS},
	Number = {1},
	Pages = {17--32},
	Publisher = {Elsevier Science Publishers B. V.},
	Title = {A Database Approach to Distributed State Space Generation},
	Volume = {198},
	Year = {2008},
	Bdsk-Url-1 = {http://dx.doi.org/10.1016/j.entcs.2007.10.018}}



@inproceedings{collapse,
	Author = {Gerard J. Holzmann},
	Booktitle = {proc. of the third international SPIN workshop},
	Title = {State Compression in {SPIN}: Recursive Indexing And Compression Training Runs},
	Year = {1997}}

@INPROCEEDINGS{visser-compr,
    author = {Willem Visser},
    title = {Memory Efficient State Storage in SPIN},
    booktitle = {In Proceedings of the 2nd SPIN Workshop},
    year = {1996},
    pages = {21--35}
}

@Inbook{Jensen2017,
author="Jensen, Peter Gj{\o}l
and Larsen, Kim G.
and Srba, Ji{\v{r}}{\'i}",
editor="Hung, Dang Van and Kapur, Deepak",
title="PTrie: Data Structure for Compressing and Storing Sets via Prefix Sharing",
bookTitle="ICTAC 2017",
year="2017",
publisher="Springer",
pages="248--265",
isbn="978-3-319-67729-3",
doi1="10.1007/978-3-319-67729-3_15",
url1="https://doi.org/10.1007/978-3-319-67729-3_15"
}
@Inbook{Jensen2014,
author="{Jensen et al.}, Peter Gj{\o}l",
rest="Larsen, Kim Guldstrand
and Srba, Ji{\v{r}}{\'i}
and S{\o}rensen, Mathias Grund
and Taankvist, Jakob Haar",
editor="Badger, Julia M. and Rozier, Kristin Yvonne",
title="Memory Efficient Data Structures for Explicit Verification of Timed Systems",
bookTitle="NFM 2014",
year="2014",
publisher="Springer",
pages="307--312",
doi1="10.1007/978-3-319-06200-6_26",
url1="https://doi.org/10.1007/978-3-319-06200-6_26"
}

@article{perez2007matrix,
  title={Matrix product state representations},
  author={Perez-Garcia, D and Verstraete, F and Wolf, MM and Cirac, JI},
  journal={Quantum Information \& Computation},
  volume={7},
  number={5},
  pages={401--430},
  year={2007},
  publisher={Rinton Press, Incorporated Paramus, NJ}
}


@Inbook{Evangelista2013,
author="Evangelista, S.
and Kristensen, L. Michael
and Petrucci, L.",
editor="Van Hung, Dang
and Ogawa, Mizuhito",
title="Multi-threaded Explicit State Space Exploration with State Reconstruction",
bookTitle="ATVA'13",
year="2013",
publisher="Springer",
pages="208--223",
isbn="978-3-319-02444-8",
doi1="10.1007/978-3-319-02444-8_16",
url1="http://dx.doi.org/10.1007/978-3-319-02444-8_16"
}

@Inbook{limdd2,
author="Lieuwe Vinkhuijzen and Thomas Grurl and Stefan Hillmich and Sebastiaan Brand and Robert Wille and Alfons Laarman",
title="Efficient Implementation of {LIMDD}s for Quantum Circuit Simulation",
bookTitle="SPIN",
year="2023",
publisher="Springer",
%isbn="(accepted for publication)",
}


@Inbook{Evangelista2005,
author="Evangelista, Sami
and Pradat-Peyre, Jean-Fran{\c{c}}ois",
editor="Godefroid, Patrice",
title="Memory Efficient State Space Storage in Explicit Software Model Checking",
bookTitle="Model Checking Software: 12th International SPIN Workshop, San Francisco, CA, USA, August 22-24, 2005. Proceedings",
year="2005",
publisher="Springer",
pages="43--57",
isbn="978-3-540-31899-6",
doi="10.1007/11537328_7",
url="http://dx.doi.org/10.1007/11537328_7"
}


@string{acm = {ACM}}

@string{ase = {ASE}}

@string{cade = {CADE}}

@string{cav = {CAV}}

@string{popl = {POPL}}

@string{charme = {CHARME}}

@string{cocoon = {COCOON}}

@string{concur = {CONCUR}}

@string{cacm = {Comm. of the ACM}}

@string{dac = {DAC}}

@string{parle = {PARLE}}

@string{date = {DATE}}

@string{elsevier = {Elsevier}}

@string{entcs = {ENTCS}}

@string{tcs = {Theoretical Computer Science}}

@string{esop = {ESOP}}

@string{fmcad = {FMCAD}}

@string{fmsd = {FMSD}}

@string{hvc = {HVC}}

@string{iaai = {IAAI}}

@string{iccad = {ICCAD}}

@string{icse = {ICSE}}

@string{ieee = {IEEE}}

@string{infinity = {INFINITY}}

@string{jacm = {J. ACM}}

@string{jcm = {J. Comp. Math.}}

@string{jsat = {JSAT}}

@string{jsl = {J. Symbolic Logic}}

@string{kluwer = {Kluwer}}

@string{lics = {LICS}}

@string{lncs = {LNCS}}

@string{lpar = {LPAR}}

@string{nfm = {NFM}}

@string{pldi = {PLDI}}

@string{popl = {POPL}}

@string{sas = {SAS}}

@string{sat = {SAT}}

@string{spin = {SPIN}}

@string{springer = {Springer}}

@string{sttt = {STTT}}

@string{tableaux = {TABLEAUX}}

@string{tacas = {TACAS}}

@string{tocl = {TOCL}}

@string{toplas = {ACM TOPLAS}}

@string{tse = {IEEE Transactions on Software Engineering}}

@string{vmcai = {VMCAI}}

@article{dwyer2004exploiting,
  title={Exploiting object escape and locking information in partial-order reductions for concurrent object-oriented programs},
  author = {Dwyer, Matthew B. and Hatcliff, John and Robby and Ranganath, Venkatesh Prasad},
  journal=fmsd,
  volume={25},
  number={2-3},
  pages={199--240},
  year={2004},
  publisher=springer
}

@inproceedings{GuntherW14,
	Author = {Henning G{\"{u}}nther and Georg Weissenbacher},
	Booktitle = SPIN,
	Pages = {40--47},
	Publisher = ACM,
	Title = {Incremental bounded software model checking},
	Year = {2014}}


%},
@incollection{kurshan1998static,
  title={Static partial order reduction},
  author={Kurshan, Robert and Levin, Vladimir and Minea, Marius and Peled, Doron and Yenig{\"u}n, H{\"u}sn{\"u}}, 
  booktitle=tacas,
  pages={345--357},
  year={1998},
  series = lncs,
  volume = {1384},
  publisher=springer
}

@book{bondy,
  title={Graph theory with applications},
  author={Bondy, John Adrian and Murty, Uppaluri Siva Ramachandra},
  volume={290},
  year={1976},
  publisher={Macmillan London}
}

@MISC{knuth,
    author = {Don Knuth},
    title = {Notes On "Open" Addressing},
    year = {1963}
}

@book{biere2009handbook,
  title={Handbook of satisfiability},
  author={Biere, Armin and Heule, Marijn and van Maaren, Hans},
  volume={185},
  year={2009},
  publisher={IOS press}
}


@incollection{chaki2018bdd,
  title={{BDD}-based symbolic model checking},
  author={Chaki, Sagar and Gurfinkel, Arie},
  booktitle={Handbook of Model Checking},
  pages={219--245},
  year={2018},
  publisher={Springer}
}


@article{Finkel200163,
	Author = {A. Finkel and Ph. Schnoebelen},
	Doi = {http://dx.doi.org/10.1016/S0304-3975(00)00102-X},
	Journal = {Theoretical Computer Science},
	Note = {\{ISS\}},
	Number = {1--2},
	Pages = {63 - 92},
	Title = {Well-structured transition systems everywhere!},
	Volume = {256},
	Year = {2001}}

@misc{bansalcommutativity,
	Author = {Bansal, Kshitij and Koskinen, Eric and Tripp, Omer},
	Title = {Commutativity Condition Refinement},
	Url = {http://www.cs.nyu.edu/~kshitij/projects/servois/draft_as_on_26feb2015.pdf},
	Bdsk-Url-1 = {http://www.cs.nyu.edu/~kshitij/projects/servois/draft_as_on_26feb2015.pdf}}

@inproceedings{bjorner,
	\Articleno = {49},
	Author = {Herdt, Vladimir and Le, Hoang M. and Drechsler, Rolf},
	Booktitle = dac,
	Doi = {10.1145/2744769.2744927},
	Pages = {49:1--49:6},
	Publisher = {ACM},
	Title = {Verifying SystemC Using Stateful Symbolic Simulation},
	Year = {2015}}

@incollection{peephole,
	Author = {Wang, Chao and Yang, Zijiang and Kahlon, Vineet and Gupta, Aarti},
	Booktitle = TACAS,
	Pages = {382--396},
	Publisher = SPRINGER,
	Series = LNCS,
	Title = {Peephole Partial Order Reduction},
	Volume = {4963},
	Year = {2008}}

@article{qadeer-transactions,
	Author = {Cormac Flanagan and Shaz Qadeer},
	Journal = ENTCS,
	Note = {Software Model Checking},
	Number = {3},
	Pages = {518 - 539},
	Title = {Transactions for Software Model Checking},
	Volume = {89},
	Year = {2003}}

@inproceedings{qadeer-atomicity,
	Author = {Flanagan, Cormac and Qadeer, Shaz},
	Booktitle = PLDI,
	Pages = {338--349},
	Publisher = ACM,
	Title = {A Type and Effect System for Atomicity},
	Year = {2003}}

@article{qadeer-java,
	Author = {Stephen N. Freund and Shaz Qadeer},
	Journal = {Journal of Object Technology},
	Title = {Checking concise specifications for multithreaded software},
	Volume = {3},
	Year = {2004}}

% and Brayton, Robert K and Henzinger, Thomas A and Qadeer, Shaz and Rajamani, Sriram K},
@inproceedings{alur1997partial,
  title={Partial-order reduction in symbolic state space exploration},
  author = {Alur, R. and Brayton, R. K. and Henzinger, T. A. and Qadeer, S. and Rajamani, S. K.},
  booktitle=cav,
  series=LNCS,
  volume={1254},
  pages={340--351},
  year={1997},
  publisher=springer
}


@incollection{gribomont,
	Author = {Gribomont, Pascal},
	Booktitle = {CAV},
	Doi = {10.1007/3-540-61474-5_79},
	Pages = {311-322},
	Publisher = springer,
	Series = LNCS,
	Title = {Atomicity refinement and trace reduction theorems},
	Volume = {1102},
	Year = {1996}}

@inproceedings{Doeppner:1977:PPC:512950.512965,
	Author = {Doeppner,Jr., Thomas W.},
	booktitle = popl,
	Pages = {155--169},
	Publisher = acm,
	Title = {Parallel Program Correctness Through Refinement},
	Year = {1977},
}

@incollection{cartesian,
	Author = {Gueta, Guy and Flanagan, Cormac and Yahav, Eran and Sagiv, Mooly},
	Booktitle = SPIN,
	Pages = {95--112},
	Publisher = SPRINGER,
	Series = LNCS,
	Title = {Cartesian Partial-Order Reduction},
	Volume = {4595},
	Year = {2007}}

@incollection{Stoller2003,
author="Stoller, Scott D. and Cohen, Ernie",
Title="Optimistic Synchronization-Based State-Space Reduction",
Booktitle=tacas,
year="2003",
publisher=springer,
pages="489--504",
doi="10.1007/3-540-36577-X_36",
series = lncs,
volume={2619}
}



@techreport{lamport-lipton,
	Author = {Lamport, Leslie and Schneider, Fred B.},
	Institution = {Cornell University},
	Source = {http://www.ncstrl.org:8900/ncstrl/servlet/search?formname=detail\&id=oai%3Ancstrlh%3Acornellcs%3ACORNELLCS%3ATR89-1005},
	Title = {Pretending Atomicity},
	Year = {1989}}

@incollection{liu,
	Author = {Liu, Yang and Sun, Jun and Dong, JinSong},
	Booktitle = {FMSE},
	Doi = {10.1007/978-3-642-10373-5_22},
	Editor = {Breitman, Karin and Cavalcanti, Ana},
	Pages = {426-445},
	Publisher = springer,
	Series = LNCS,
	Title = {Scalable Multi-core Model Checking Fairness Enhanced Systems},
	Volume = {5885},
	Year = {2009}}

@inproceedings{beem,
	Author = {R. Pel\'anek},
	Booktitle = spin,
	Pages = {263-267},
	Publisher = springer,
	Series = LNCS,
	Title = {{BEEM}: {B}enchmarks for {E}xplicit {M}odel {C}heckers},
	Volume = {4595},
	Year = {2007}}

@inproceedings{lowe,
	Author = {Lowe, Gavin},
	Booktitle = TACAS,
	Pages = {202-216},
	Publisher = springer,
	Series = LNCS,
	Title = {{Concurrent Depth-First Search Algorithms}},
	Volume = {8413},
	Year = {2014}}


@inproceedings{owcty,
	Author = {J. Barnat and L. Brim and P. Ro\v{c}kai},
	Booktitle = icfem,
	Pages = {407--425},
	Publisher = springer,
	Series = LNCS,
	Title = {{A Time-Optimal On-the-Fly Parallel Algorithm for Model Checking of Weak LTL Properties}},
	Volume = {5885},
	Year = {2009}}

@inproceedings{owcty-old,
	Author = {I. {{\v C}ern{\'a}} and R. Pel{\'a}nek},
	Booktitle = SPIN,
	Doi = {10.1007/3-540-44829-2_4},
	Pages = {49-73},
	Title = {Distributed Explicit Fair Cycle Detection (Set Based Approach)},
	Year = {2003}}

@incollection{parle89,
	Author = {Valmari, A.},
	Booktitle = parle,
	Doi = {10.1007/3-540-51285-3_35},
	Pages = {89-103},
	Publisher = springer,
	Series = lncs,
	Title = {{Eliminating Redundant Interleavings During Concurrent Program Verification}},
	Url = {http://dx.doi.org/10.1007/3-540-51285-3_35},
	Volume = {366},
	Year = {1989}}

@article{twophase,
	Author = {Nalumasu, Ratan and Gopalakrishnan, Ganesh},
	Doi = {10.1023/A:1014728912264},
	Journal = fmsd,
	Number = {3},
	Pages = {231-247},
	Publisher = kluwer,
	Title = {{An Efficient Partial Order Reduction Algorithm with an Alternative Proviso Implementation}},
	Volume = {20},
	Year = {2002}}

@inproceedings{spinpordistr,
	Author = {Lerda, Flavio and Sisto, Riccardo},
	Booktitle = {SPIN'99},
	Pages = {22-39},
	Publisher = springer,
	Series = LNCS,
	Title = {{Distributed-Memory Model Checking with SPIN}},
	Volume = {1680},
	Year = {1999}}

@inproceedings{parpor,
	Acmid = {1915908},
	Author = {Barnat, J. and Brim, L. and Ro\v{c}kai, P.},
	Booktitle = SEFM,
	Pages = {222--231},
	Publisher = IEEE,
	Title = {{Parallel Partial Order Reduction with Topological Sort Proviso}},
	Year = {2010}}

@inproceedings{valmari1988error,
	Author = {Valmari, A.},
	Booktitle = {APN},
	Pages = {95--112},
	Title = {{Error Detection by Reduced Reachability Graph Generation}},
	Year = {1988}}

@inproceedings{godefroid-cav90,
	Author = {Patrice Godefroid},
	Booktitle = CAV,
	Ee = {http://dx.doi.org/10.1007/BFb0023731},
	Pages = {176-185},
	Title = {{Using Partial Orders to Improve Automatic Verification Methods}},
	Publisher = springer,
	Series = LNCS,
	Volume = {531},
	Year = {1991}}

@inproceedings{schwoon,
	Affiliation = {Institut f{\"u}r Formale Methoden der Informatik, Universit\"{a}t Stuttgart},
	Author = {S. Schwoon and J. Esparza},
	Booktitle = TACAS,
	Doi = {10.1007/978-3-540-31980-1\_12},
	Pages = {174-190},
	Publisher = springer,
	Series = LNCS,
	Title = {{A Note on On-the-Fly Verification Algorithms}},
	Volume = {3440},
	Year = {2005}}

@inproceedings{holzmannndfs,
	Author = {Holzmann, G.J. and Peled, D and Yannakakis, M.},
	Booktitle = SPIN,
	Pages = {23--32},
	Publisher = AMS,
	Title = {{On Nested Depth First Search}},
	Year = {1996}}

@inproceedings{vardi,
	Author = {M.Y. Vardi and P. Wolper},
	Booktitle = LICS,
	Pages = {332--344},
	Publisher = IEEE,
	Title = {{An Automata-Theoretic Approach to Automatic Program Verification}},
	Year = 1986}

@article{ignoring,
	Author = {Evangelista, S. and Pajault, C.},
	Issue = {2},
	Journal = {STTT},
	Keywords = {Explicit model checking; Partial order reduction; Ignoring problem; Cycle proviso},
	Pages = {155-170},
	Publisher = springer,
	Title = {{Solving the Ignoring Problem for Partial Order Reduction}},
	Volume = {12},
	Year = {2010}}

@inproceedings{courcoubetis,
	Author = {C. Courcoubetis and M.Y. Vardi and P. Wolper and M. Yannakakis},
	Booktitle = CAV,
	Pages = {233--242},
	Publisher = springer,
	Series = LNCS,
	Title = {{Memory Efficient Algorithms for the Verification of Temporal Properties}},
	Volume = {531},
	Year = {1990}}

@inproceedings{pneuli,
	Author = {Amir Pnueli},
	Booktitle = {FOCS},
	Ee = {http://doi.ieeecomputersociety.org/10.1109/SFCS.1977.32},
	Pages = {46-57},
	Title = {The Temporal Logic of Programs},
	Publisher = IEEE,
	Year = {1977}}


@phdthesis{varpa,
	Author = {Varpaaniemi, Kimmo},
	School = {Helsinki University of Technology},
	Title = {{On the Stubborn Set Method in Reduced State Space Generation}},
	Year = {1998}}


@incproceedings{openset,
	Author = {Bo{\v s}na{\v c}ki, Dragan and Holzmann, GerardJ.},
	Booktitle = SPIN,
	Pages = {91-105},
	Publisher = springer,
	Series = LNCS,
	Title = {{Improving Spin's Partial-Order Reduction for Breadth-First Search}},
	Volume = {3639},
	Year = {2005},
	Bdsk-Url-1 = {http://dx.doi.org/10.1007/11537328_10}}

@inproceedings{spor,
	Author = {Kurshan, R. and Levin, V. and Minea, M. and Peled, D. and Yenig\"un, H.},
	Booktitle = TACAS,
	Pages = {345-357},
	Publisher = springer,
	Series = LNCS,
	Title = {{Static Partial Order Reduction}},
	Volume = {1384},
	Year = {1998},
	Bdsk-Url-1 = {http://dx.doi.org/10.1007/BFb0054182}}

@book{katoen,
	Author = {Baier, Christel and Katoen, Joost-Pieter},
	Publisher = {{The MIT Press}},
	Tags = {Model Checking},
	Title = {{Principles of Model Checking}},
	Year = {2008}}

@inproceedings{ssalgebra,
	Author = {Valmari, Antti},
	Booktitle = {POMIV'96},
	Pages = {213--231},
	Publisher = AMS,
	Title = {{Stubborn Set Methods for Process Algebras}},
	Year = {1997},
	Bdsk-Url-1 = {http://dl.acm.org/citation.cfm?id=266557.266608}}

@article{reif,
	Author = {J. H. Reif},
	Journal = {Information Processing Letters},
	Number = {5},
	Pages = {229-234},
	Title = {Depth-first {S}earch is {I}nherently {S}equential},
	Volume = {20},
	Year = {1985},
	Bdsk-Url-1 = {http://dx.doi.org/10.1016/0020-0190(85)90024-9}}

@article{moore,
	Author = {G. E. Moore},
	Journal = {Electronics},
	Number = {10},
	Pages = {114-117},
	Publisher = IEEE,
	Title = {{Cramming more Components onto Integrated Circuits}},
	Volume = {38},
	Year = {1965}}

@article{gsea,
	Author = {Dragan Bo\v{s}na\v{c}ki and Stefan Leue and Alberto Lluch-Lafuente},
	Journal = {STTT},
	Number = {1},
	Pages = {39-51},
	Title = {{Partial-Order Reduction for General State Exploring Algorithms}},
	Volume = {11},
	Year = {2009}}

@inproceedings{explosion,
	Author = {Valmari, A.},
	Booktitle = {Petri Nets'96},
	Pages = {429--528},
	Publisher = springer,
	Series = LNCS,
	Title = {{The State Explosion Problem}},
	Volume = {1491},
	Year = {1998},
	Bdsk-Url-1 = {http://dl.acm.org/citation.cfm?id=647444.727054}}

@incollection{peledltl,
	Author = {Peled, Doron},
	Booktitle = cav,
	Doi = {10.1007/3-540-58179-0_69},
	Pages = {377--390},
	Publisher = springer,
	Series = lncs,
	Title = {{Combining Partial Order Reductions with On-the-Fly Model-Checking}},
	Url = {http://dx.doi.org/10.1007/3-540-58179-0_69},
	Volume = {818},
	Year = {1994},
	Bdsk-Url-1 = {http://dx.doi.org/10.1007/3-540-58179-0_69}}


@inproceedings{garp,
  title={Verification of group address registration protocol using promela and spin},
  author={Nakatani, Tadashi and Works, Fuchu},
  booktitle={Proc. Third SPIN Workshop},
  year={1997},
  organization={Twente Univ., The Netherlands}
}


@inproceedings{meijer2016bandwidth,
  title={Bandwidth and wavefront reduction for static variable ordering in symbolic reachability analysis},
  author={Meijer, Jeroen and van de Pol, Jaco},
  booktitle={NASA Formal Methods Symposium},
  pages={255--271},
  year={2016},
  organization={Springer}
}


@inproceedings{mucrl,
	Author = {Blom, S.C.C. and Calam\'{e}, J.R. and Lisser, B. and Orzan, S. and Pang, J. and Van De Pol, J. and Torabi Dashti, M. and Wijs, A.},
	Pages = {683--689},
	Publisher = springer,
	Series = TACAS,
	Title = {Distributed analysis with $\mu${CRL}: a compendium of case studies},
	Year = {2007},
	Bdsk-Url-1 = {http://portal.acm.org/citation.cfm?id=1763507.1763576}}

@misc{mcc:2016,
   Author = {F. {Kordon et al.} 
   and H. Garavel and L. M. Hillah and F. Hulin-Hubard and
      G. Chiardo and A. Hamez and L. Jezequel and A. Miner and J. Meijer and E. Paviot-Adet
      and D. Racordon and C. Rodriguez and C. Rohr and J. Srba and Y. Thierry-Mieg and
      G. Tr{\d i}nh and K. Wolf},
   Howpublished = {{http://mcc.lip6.fr/2016/results.php}},
   Lastchecked = {2016},
   Urldate = {2016},
   Month = {June},
   Title = {{Complete Results for the 2016 Edition of the Model Checking Contest}},
   Year = {2016}}

@Article{kghpajrhh2016,
  author = {Fabrice Kordon and Hubert Garavel and Lom{-}Messan Hillah and
    Emmanuel Paviot{-}Adet and Lo{\"{\i}}g Jezequel and C{\'{e}}sar
    Rodr{\'{\i}}guez and Francis Hulin{-}Hubard},
  title = {{MCC'2015 - The Fifth Model Checking Contest}},
  journal = {{Transactions on Petri Nets and Other Models of Concurrency (ToPNoC)}},
  volume = {XI},
  year = {2016},
  pages = {262--273},
  publisher = {Springer Verlag}}




@Inbook{mcrl2,
author="{Cranen et al.}, Sjoerd",
rest="and Groote, Jan Friso
and Keiren, Jeroen J. A.
and Stappers, Frank P. M.
and de Vink, Erik P.
and Wesselink, Wieger
and Willemse, Tim A. C.",
editor="Piterman, Nir
and Smolka, Scott A.",
title="An Overview of the mCRL2 Toolset and Its Recent Advances",
bookTitle="TACAS 2013",
year="2013",
publisher="Springer",
pages="199--213",
isbn="978-3-642-36742-7",
doi1="10.1007/978-3-642-36742-7_15",
url1="https://doi.org/10.1007/978-3-642-36742-7_15"
}



@inproceedings{mcrl2-old,
	Author = {J.F. Groote and J. Keiren and A. Mathijssen and B. Ploeger and F. Stappers and C. Tankink and Y. Usenko and Weerdenburg, M. van and W. Wesselink and T. Willemse and Wulp, J. van der},
	Booktitledel = {WASDeTT},
	Series = {WASDeTT},
	Title = {The {mCRL2} toolset},
	Year = {2008}}

@inproceedings{holzmann-godefroid-pirottin,
	Author = {Holzmann, G.J. and Godefroid, P. and Pirottin, D.},
	Booktitle = {Proceedings of the {IFIP TC6/WG6.1} Twelth International Symposium on Protocol Specification, Testing and Verification XII},
	Pages = {349--363},
	Publisher = {North-Holland Publishing Co.},
	Title = {Coverage Preserving Reduction Strategies for Reachability Analysis},
	Year = {1992},
	Bdsk-Url-1 = {http://portal.acm.org/citation.cfm?id=645835.670549}}

@article{holzmann-97,
	Author = {Holzmann, G.J.},
	Doi1 = {10.1109/32.588521},
	Issue = {5},
	Journal = {IEEE TSE},
	Pages = {279--295},
	Publisher = IEEE,
	Title = {The Model Checker {SPIN}},
	Volume = {23},
	Year = {1997},
	Bdsk-Url-1 = {http://portal.acm.org/citation.cfm?id=260897.260902},
	Bdsk-Url-2 = {http://dx.doi.org/10.1109/32.588521}}


@InProceedings{divine4,
  author={Baranov{\'a}, Zuzana and Barnat, Ji{\v{r}}{\'\i} and Kejstov{\'a}, Katar{\'\i}na and Ku{\v{c}}era, Tade{\'a}{\v{s}} and Lauko, Henrich and Mr{\'a}zek, Jan and Ro{\v{c}}kai, Petr and {\v{S}}till, Vladim{\'\i}r},
  title = {Model Checking of {C} and {C}++ with {DIVINE} 4},
  booktitle = {ATVA 2017},
  pages     = {201-207},
  volume = {10482},
  series = {LNCS},
  year = {2017},
  publisher = {Springer}}

@inproceedings{divine,
	Author = {J. Barnat and L. Brim and M. \v{C}e\v{s}ka and P. Ro\v{c}kai},
	Booktitle = {HiBi/PDMC'10},
	Pages = {4--7},
	Publisher = IEEE,
	Title = {{DiVinE: Parallel Distributed Model Checker}},
	Year = {2010}}

@incollection{divine-old,
	Author = {Barnat, J. and Brim, L. and {\v C}ern{\'a}, I. and Moravec, P. and Ro{\v c}kai, P. and {\v S}ime{\v c}ek, P.},
	Bdsk-Url-1 = {http://dx.doi.org/10.1007/11817963\_26},
	Booktitle = CAV,
	Pages = {278-281},
	Publisher = springer,
	Series = LNCS,
	Title = {{DiVinE} -- A Tool for Distributed Verification},
	Url = {http://dx.doi.org/10.1007/11817963\_26},
	Volume = {4144},
	Year = {2006},
	Bdsk-Url-2 = {http://dx.doi.org/10.1007/11817963%5C_26}}

@Inbook{Emerson2005,
author="Emerson, E. Allen
and Wahl, Thomas",
editor="Halbwachs, Nicolas
and Zuck, Lenore D.",
title="Dynamic Symmetry Reduction",
bookTitle="Tools and Algorithms for the Construction and Analysis of Systems: 11th International Conference, TACAS 2005, Held as Part of the Joint European Conferences on Theory and Practice of Software, ETAPS 2005, Edinburgh, UK, April 4-8, 2005. Proceedings",
year="2005",
publisher="Springer",
pages="382--396",
isbn="978-3-540-31980-1",
doi1="10.1007/978-3-540-31980-1_25",
url1="http://dx.doi.org/10.1007/978-3-540-31980-1_25"
}



@article{basten-bosnacki-geilen,
	Author = {Basten, T. and Bo\v{s}na\v{c}ki, D. and Geilen, M.},
	Doi = {10.1023/B:AUSE.0000038937.18006.3d},
	Issue = {4},
	Journal = {Automated Software Eng.},
	Pages = {365--402},
	Publisher = Kluwer,
	Title = {Cluster-Based Partial-Order Reduction},
	Url = {http://portal.acm.org/citation.cfm?id=1015977.1015992},
	Volume = {11},
	Year = {2004},
	Bdsk-Url-1 = {http://portal.acm.org/citation.cfm?id=1015977.1015992},
	Bdsk-Url-2 = {http://dx.doi.org/10.1023/B:AUSE.0000038937.18006.3d}}

%: An Optimal Symbolic Partial Order Reduction Technique
@incollection{kahlon-wang-gupta,
	author="Kahlon, Vineet and Wang, Chao and Gupta, Aarti",
	Bdsk-Url-1 = {http://dx.doi.org/10.1007/978-3-642-02658-4\_31},
	Booktitle = CAV,
	Doi = {http://dx.doi.org/10.1007/978-3-642-02658-4\_31},
	Pages = {398--413},
	Publisher = springer,
	Series = LNCS,
	volume="5643",
	Title = {Monotonic Partial Order Reduction: An Optimal Symbolic Partial Order Reduction Technique},
	Url = {http://dx.doi.org/10.1007/978-3-642-02658-4\_31},
	Year = {2009}
}

%editor="Ball, Thomas and Jones, Robert B.",
@incollection{Kahlon2006,
author="Kahlon, Vineet and Gupta, Aarti and Sinha, Nishant",
title="Symbolic Model Checking of Concurrent Programs Using Partial Orders and On-the-Fly Transactions",
series = LNCS,
volume="4144",
booktitle=CAV,
year="2006",
publisher="Springer",
pages="286--299",
isbn="978-3-540-37411-4",
doi="10.1007/11817963_28",
url="http://dx.doi.org/10.1007/11817963_28"
}

@inproceedings{ciardo2001saturation,
  title={Saturation: an efficient iteration strategy for symbolic state-space generation},
  author={Ciardo, Gianfranco and L{\"u}ttgen, Gerald and Siminiceanu, Radu},
  booktitle={International Conference on Tools and Algorithms for the Construction and Analysis of Systems},
  pages={328--342},
  year={2001},
  organization={Springer}
}

@article{kozen1983results,
  title={Results on the propositional $\mu$-calculus},
  author={Kozen, Dexter},
  journal={Theoretical computer science},
  volume={27},
  number={3},
  pages={333--354},
  year={1983},
  publisher={Elsevier}
}

@inproceedings{clarke1981design,
  title={Design and synthesis of synchronization skeletons using branching time temporal logic},
  author={Clarke, Edmund M and Emerson, E Allen},
  booktitle={Workshop on Logic of Programs},
  pages={52--71},
  year={1981},
  organization={Springer}
}

@inproceedings{pnueli1977temporal,
  title={The temporal logic of programs},
  author={Pnueli, Amir},
  booktitle={18th Annual Symposium on Foundations of Computer Science (sfcs 1977)},
  pages={46--57},
  year={1977},
  organization={IEEE}
}

@inproceedings{korner2018state,
  title={State-of-the-Art Model Checking for B and Event-B Using P ro B and LTS min},
  author={K{\"o}rner, Philipp and Leuschel, Michael and Meijer, Jeroen},
  booktitle={International Conference on Integrated Formal Methods},
  pages={275--295},
  year={2018},
  organization={Springer}
}

@inproceedings{meijer2014read,
  title={Read, write and copy dependencies for symbolic model checking},
  author={Meijer, Jeroen and Kant, Gijs and Blom, Stefan and van de Pol, Jaco},
  booktitle={Haifa Verification Conference},
  pages={204--219},
  year={2014},
  organization={Springer}
}

@incollection{karp,
	Author = {Karp, R. M.},
	Booktitle = {Complexity of Computer Computations},
	Doi = {10.1007/978-1-4684-2001-2_9},
	Pages = {85-103},
	Publisher = springer,
	Series = {IBM Research Symposia Series},
	Title = {{Reducibility among Combinatorial Problems}},
	Year = {1972},
	Bdsk-Url-1 = {http://dx.doi.org/10.1007/978-1-4684-2001-2_9}}

@article{nalumasu-gopalakrishnan,
	Author = {Nalumasu, R. and Gopalakrishnan, G.},
	Doi = {10.1023/A:1014728912264},
	Issue = {3},
	Journal = fmsd,
	Pages = {231--247},
	Publisher = Kluwer,
	Title = {{An Efficient Partial Order Reduction Algorithm with an Alternative Proviso Implementation}},
	Url = {http://portal.acm.org/citation.cfm?id=599485.599486},
	Volume = {20},
	Year = {2002},
	Bdsk-Url-1 = {http://portal.acm.org/citation.cfm?id=599485.599486},
	Bdsk-Url-2 = {http://dx.doi.org/10.1023/A:1014728912264}}

@inproceedings{holzmann-peled,
	Author = {Holzmann, G.J. and Peled, D.},
	Booktitle = {IFIP WG6.1 ICFDT VII},
	Pages = {197--211},
	Publisher = {Chapman \& Hall, Ltd.},
	Title = {{An Improvement in Formal Verification}},
	Url = {http://portal.acm.org/citation.cfm?id=646213.681369},
	Year = {1995},
	Bdsk-Url-1 = {http://portal.acm.org/citation.cfm?id=646213.681369}}

@inproceedings{flanagan2005dynamic,
  title={Dynamic partial-order reduction for model checking software},
  author={Flanagan, Cormac and Godefroid, Patrice},
  booktitle=popl,
  volume={40 (1)},
  pages={110--121},
  year={2005},
  organization=ACM,
}

@incollection{sleepset,
	Author = {Godefroid, Patrice},
	Booktitle = CAV,
	Pages = {176--185},
	Publisher = SPRINGER,
	Series = LNCS,
	Title = {Using partial orders to improve automatic verification methods},
	Volume = {531},
	Year = {1991}}

@article{goodfellow2014explaining,
  title={Explaining and harnessing adversarial examples},
  author={Goodfellow, Ian J and Shlens, Jonathon and Szegedy, Christian},
  journal={arXiv preprint arXiv:1412.6572},
  year={2014}
}
@article{szegedy2013intriguing,
  title={Intriguing properties of neural networks},
  author={Szegedy, Christian and Zaremba, Wojciech and Sutskever, Ilya and Bruna, Joan and Erhan, Dumitru and Goodfellow, Ian and Fergus, Rob},
  journal={arXiv preprint arXiv:1312.6199},
  year={2013}
}

@article{bahram2015game,
  title={A game-theoretic approach to replanning-aware interactive scene prediction and planning},
  author={Bahram, Mohammad and Lawitzky, Andreas and Friedrichs, Jasper and Aeberhard, Michael and Wollherr, Dirk},
  journal={IEEE Transactions on Vehicular Technology},
  volume={65},
  number={6},
  pages={3981--3992},
  year={2015},
  publisher={IEEE}
}

@article{challen2019artificial,
  title={Artificial intelligence, bias and clinical safety},
  author={Challen, Robert and Denny, Joshua and Pitt, Martin and Gompels, Luke and Edwards, Tom and Tsaneva-Atanasova, Krasimira},
  journal={BMJ Qual Saf},
  volume={28},
  number={3},
  pages={231--237},
  year={2019},
  publisher={BMJ Publishing Group Ltd}
}

@article{schwarting2018planning,
  title={Planning and decision-making for autonomous vehicles},
  author={Schwarting, Wilko and Alonso-Mora, Javier and Rus, Daniela},
  journal={Annual Review of Control, Robotics, and Autonomous Systems},
  volume={1},
  pages={187--210},
  year={2018},
  publisher={Annual Reviews}
}

@inproceedings{lenz2016tactical,
  title={Tactical cooperative planning for autonomous highway driving using Monte-Carlo Tree Search},
  author={Lenz, David and Kessler, Tobias and Knoll, Alois},
  booktitle={2016 IEEE Intelligent Vehicles Symposium (IV)},
  pages={447--453},
  year={2016},
  organization={IEEE}
}

@article{godefroid-wolper-93,
	Author = {Godefroid, P. and Wolper, P.},
	Issue = {2},
	Journal = fmsd,
	Pages = {149--164},
	Publisher = {Kluwer Academic Publishers},
	Title = {Using partial orders for the efficient verification of deadlock freedom and safety properties},
	Url = {http://portal.acm.org/citation.cfm?id=175764.175768},
	Volume = {2},
	Year = {1993},
	Bdsk-Url-1 = {http://portal.acm.org/citation.cfm?id=175764.175768}}

@inproceedings{peled-93,
	Author = {Peled, Doron},
	Booktitle = cav,
	Pages = {409--423},
	Publisher = springer,
	Title = {{All from One, One for All: on Model Checking Using Representatives}},
	Url = {http://portal.acm.org/citation.cfm?id=647762.735490},
	Year = {1993},
	series = lncs,
	volume = {697},
}

@inproceedings{valmari-91,
	Author = {Valmari, A.},
	Booktitle = {ICATPN/APN'89},
	Pages = {491--515},
	Publisher = springer,
	Series = LNCS,
	Title = {{Stubborn Sets for Reduced State Space Generation}},
	Volume = {483},
	Year = {1991},
	Bdsk-Url-1 = {http://portal.acm.org/citation.cfm?id=647736.735461}}

@incollection{peled-96,
	Author = {Peled, D.},
	Booktitle = {MFCS'96},
	Pages = {93-112},
	Publisher = springer,
	Series = LNCS,
	Title = {Partial order reduction: Model-checking using representatives},
	Volume = {1113},
	Year = {1996}}

@inproceedings{peled-ltl,
	Author = {Peled, D.},
	Booktitle = CAV,
	Pages = {377--390},
	Publisher = springer,
	Series = LNCS,
	Title = {Combining Partial Order Reductions with On-the-fly Model-Checking},
	Url = {http://portal.acm.org/citation.cfm?id=647763.735529},
	Year = {1994},
	Bdsk-Url-1 = {http://portal.acm.org/citation.cfm?id=647763.735529}}

@article{godefroid-wolper-94,
	Author = {Godefroid, P. and Wolper, P.},
	Doi = {10.1006/inco.1994.1035},
	Issue = {2},
	Journal = {Inf. Comput.},
	Pages = {305--326},
	Publisher = {Academic Press, Inc.},
	Title = {A partial approach to model checking},
	Url = {http://portal.acm.org/citation.cfm?id=185268.185271},
	Volume = {110},
	Year = {1994},
	Bdsk-Url-1 = {http://portal.acm.org/citation.cfm?id=185268.185271},
	Bdsk-Url-2 = {http://dx.doi.org/10.1006/inco.1994.1035}}

@incollection{godefroid-pirottin,
	Author = {Godefroid, P. and Pirottin, D.},
	Bdsk-Url-1 = {http://dx.doi.org/10.1007/3-540-56922-7\_36},
	Booktitle = CAV,
	Pages = {438-449},
	Publisher = springer,
	Series = LNCS,
	Title = {Refining dependencies improves partial-order verification methods},
	Url = {http://dx.doi.org/10.1007/3-540-56922-7\_36},
	Volume = {697},
	Year = {1993},
	Bdsk-Url-2 = {http://dx.doi.org/10.1007/3-540-56922-7%5C_36}}

@incollection{clarke,
	Author = {Clarke, Edmund M.},
	Bdsk-Url-1 = {http://dx.doi.org/10.1007/978-3-540-69850-0\_1},
	Booktitle = {25 Years of Model Checking},
	Doi = {http://dx.doi.org/10.1007/978-3-540-69850-0\_1},
	Pages = {1--26},
	Publisher = springer,
	Title = {The Birth of Model Checking},
	Url = {http://dx.doi.org/10.1007/978-3-540-69850-0\_1},
	Year = {2008},
	Bdsk-Url-2 = {http://dx.doi.org/10.1007/978-3-540-69850-0%5C_1}}

@inproceedings{Grumberg:2005:PUM:1040305.1040316,
 author = {Grumberg, Orna and Lerda, Flavio and Strichman, Ofer and Theobald, Michael},
 title = {Proof-guided Underapproximation-widening for Multi-process Systems},
 booktitle = popl,
 year = {2005},
 pages = {122--131},
 url = {http://doi.acm.org/10.1145/1040305.1040316},
 doi = {10.1145/1040305.1040316},
 publisher = ACM,
} 

@phdthesis{mcmillan,
	Author = {McMillan, K.L.},
	Note = {UMI No. \hbox{GAX92-24209}},
	Publisher = {Carnegie Mellon University},
	Title = {Symbolic model checking: an approach to the state explosion problem},
	school = {Carnegie Mellon University},
	Year = {1992}
}

@inproceedings{burch-clarke-mcmillan-dill-hwang,
	Author = {J.R. Burch and E.M. Clarke and K.L. McMillan and D.L. Dill and L.J. Hwang},
	Booktitle = LICS,
	Pages = {428-439},
	Title = {Symbolic Model Checking: {$10^{20}$} States and Beyond},
	Year = {1990}}

@misc{endgame,
  title = {{Lomonosov Tablebases}},
  howpublished = {\url{http://tb7.chessok.com/about-site }},
  note = {Last accessed: 2019-05-29},
  author = {ChessOK}
}
	
@misc{vvtwebsite,
  title = {{The Vienna Verification Tool website}},
  howpublished = {\url{http://vvt.forsyte.at/}},
  note = {Last accessed: 2019-05-29},
  author = {Henning G\"unther}
}

@inproceedings{minato1993zero,
  title={Zero-suppressed {BDD}s for set manipulation in combinatorial problems},
  author={Minato, Shin-ichi},
  booktitle={30th ACM/IEEE Design Automation Conference},
  pages={272--277},
  year={1993},
  organization={IEEE}
}

@inproceedings{darwiche2011sdd,
  title={{SDD}: a new canonical representation of propositional knowledge bases},
  author={Darwiche, Adnan},
  booktitle={Proceedings of the Twenty-Second international joint conference on Artificial Intelligence-Volume Volume Two},
  pages={819--826},
  year={2011},
  nolink={},
  organization={AAAI Press}
}

@inproceedings{bryant2018chain,
  title={Chain reduction for binary and zero-suppressed decision diagrams},
  author={Bryant, Randal E},
  booktitle={International Conference on Tools and Algorithms for the Construction and Analysis of Systems},
  pages={81--98},
  year={2018},
  organization={Springer}
}

@inproceedings{babar2019binary,
  title={Binary Decision Diagrams with Edge-Specified Reductions},
  author={Babar, Junaid and Jiang, Chuan and Ciardo, Gianfranco and Miner, Andrew},
  booktitle={International Conference on Tools and Algorithms for the Construction and Analysis of Systems},
  pages={303--318},
  year={2019},
  organization={Springer}
}

@misc{uber,
  title = {{Uber accident highlights challenges of humans and self-driving cars sharing the road}},
  howpublished = {\url{https://www.techrepublic.com/article/uber-accident-highlights-challenges-of-humans-and-self-driving-cars-sharing-the-road/}},
  note = {Last accessed: 2019-05-29},
  author = {{TechRepublic}}
}

@inproceedings{van2017tagged,
  title={Tagged {BDD}s: combining reduction rules from different decision diagram types},
  author={van Dijk, Tom and Wille, Robert and Meolic, Robert},
  booktitle={Proceedings of the 17th Conference on Formal Methods in Computer-Aided Design},
  pages={108--115},
  year={2017},
  organization={FMCAD Inc}
}

@misc{tesla,
  title = {{Tesla driver dies in first fatality with Autopilot}},
  howpublished = {\url{https://www.techrepublic.com/article/tesla-driver-dies-in-first-fatality-with-autopilot-what-it-means-for-the-future-of-driverless-cars/}},
  note = {Last accessed: 2019-05-29},
  author = {{TechRepublic}}
}

@misc{secret,
  title = {{The Dark Secret at the Heart of AI}},
  howpublished = {\url{https://www.technologyreview.com/s/604087/the-dark-secret-at-the-heart-of-ai/}},
  note = {Last accessed: 2019-05-29},
  author = {Will Knight}
}
 

@inproceedings{CEGAR,
	Author = {Clarke, Edmund et al.},
	Booktitle = {Computer aided verification},
	Organization = {Springer},
	Pages = {154--169},
	Title = {Counterexample-guided abstraction refinement},
	Year = {2000}}

@article{lipton,
	Acmid = {361234},
	Author = {Lipton, Richard J.},
	Issue_Date = {Dec. 1975},
	Journal = {Commun. ACM},
	Month = dec,
	Number = {12},
	Numpages = {5},
	Pages = {717--721},
	Publisher = ACM,
	Title = {Reduction: A Method of Proving Properties of Parallel Programs},
	Volume = {18},
	Year = {1975}}

@inproceedings{lamport-tla,
	Author = {Ernie Cohen and Leslie Lamport},
	Booktitle = CONCUR,
	Pages = {317--331},
	Publisher = SPRINGER,
	Series = LNCS,
	Title = {Reduction in {TLA}},
	Volume = {1466},
	Year = {1998}}

@inproceedings{biere1999symbolic,
  title={Symbolic model checking without {BDD}s},
  author={Biere, Armin and Cimatti, Alessandro and Clarke, Edmund and Zhu, Yunshan},
  booktitle={International conference on tools and algorithms for the construction and analysis of systems},
  pages={193--207},
  year={1999},
  organization={Springer}
}

@incollection{ic3,
	Author = {Bradley, Aaron R.},
	Booktitle = VMCAI,
	Isbn = {978-3-642-18274-7},
	Pages = {70--87},
	Publisher = SPRINGER,
	Series = LNCS,
	Title = {{SAT}-Based Model Checking without Unrolling},
	Volume = {6538},
	Year = {2011}}

@inproceedings{IC3Generalization,
	Author = {Zyad Hassan and Aaron R. Bradley and Fabio Somenzi},
	Booktitle = FMCAD,
	Pages = {157--164},
	Publisher = {{FMCAD} Inc.},
	Title = {Better generalization in {IC3}},
	Year = {2013}}

@inproceedings{CTIGAR,
	Author = {Birgmeier, Johannes and Bradley, Aaron and Weissenbacher, Georg},
	Booktitle = CAV,
	Pages = {829--846},
	Publisher = SPRINGER,
	Series = LNCS,
	Title = {Counterexample to Induction-Guided Abstraction-Refinement ({CTIGAR})},
	Volume = 8559,
	Year = 2014}

@inproceedings{BeyerCGKS09,
	Author = {Dirk Beyer et al.},
	Booktitle = FMCAD,
	Pages = {25--32},
	Publisher = IEEE,
	Title = {Software model checking via large-block encoding},
	Year = {2009}}

@inproceedings{Cimatti2012,
	Author = {Alessandro Cimatti and Alberto Griggio},
	Booktitle = CAV,
	Pages = {277--293},
	Publisher = SPRINGER,
	Series = LNCS,
	Title = {{Software Model Checking via IC3}},
	Volume = {7358},
	Year = {2012}}

@inproceedings{Hoder2012,
	Author = {Hoder, Kry\v{s}tof and Bj{\o}rner, Nikolaj},
	Booktitle = SAT,
	Pages = {157--171},
	Publisher = SPRINGER,
	Series = LNCS,
	Title = {{Generalized Property Directed Reachability}},
	Volume = {7317},
	Year = {2012}}

@inproceedings{Welp2013,
	Author = {Welp, Tobias and Kuehlmann, Andreas},
	Booktitle = DATE,
	Pages = {791--796},
	Publisher = {EDA Consortium},
	Title = {{QF\_BV Model Checking with Property Directed Reachability}},
	Year = {2013}}

@inproceedings{CimattiGMT14,
	Author = {Alessandro Cimatti and Alberto Griggio and Sergio Mover and Stefano Tonetta},
	Booktitle = TACAS,
	Pages = {46--61},
	Publisher = SPRINGER,
	Series = LNCS,
	Title = {{IC3} Modulo Theories via Implicit Predicate Abstraction},
	Volume = {8413},
	Year = {2014}}

@inproceedings{PopeeaRW14,
	Author = {Corneliu Popeea and Andrey Rybalchenko and Andreas Wilhelm},
	Booktitle = FMCAD,
	Pages = {187--194},
	Publisher = IEEE,
	Title = {Reduction for compositional verification of multi-threaded programs},
	Year = {2014}}

@inproceedings{GuptaPR11,
	Author = {Ashutosh Gupta and Corneliu Popeea and Andrey Rybalchenko},
	Booktitle = CAV,
	Pages = {412--417},
	Publisher = SPRINGER,
	Series = LNCS,
	Title = {Threader: {A} Constraint-Based Verifier for Multi-threaded Programs},
	Volume = {6806},
	Year = {2011}}

@inproceedings{GurfinkelCS11,
	Author = {Arie Gurfinkel and Sagar Chaki and Samir Sapra},
	Booktitle = NFM,
	Pages = {131--145},
	Publisher = SPRINGER,
	Series = LNCS,
	Title = {Efficient Predicate Abstraction of Program Summaries},
	Volume = {6617},
	Year = {2011}}

@article{Cytron1991,
	Acmid = {115320},
	Author = {Cytron, Ron and Ferrante, Jeanne and Rosen, Barry K. and Wegman, Mark N. and Zadeck, F. Kenneth},
	Journal = TOPLAS,
	Month = oct,
	Number = {4},
	Pages = {451--490},
	Publisher = ACM,
	Title = {Efficiently Computing Static Single Assignment Form and the Control Dependence Graph},
	Volume = {13},
	Year = {1991}}

@inproceedings{GuntherW14,
	Author = {Henning G{\"{u}}nther and Georg Weissenbacher},
	Booktitle = SPIN,
	Pages = {40--47},
	Publisher = ACM,
	Title = {Incremental bounded software model checking},
	Year = {2014}}


@misc{XAI,
  title = {{{IJCAI} 2017 {W}orkshop on Explainable Artificial Intelligence ({XAI})}},
  howpublished = {\url{http://home.earthlink.net/~dwaha/research/meetings/ijcai17-xai/}},
  note = {Last accessed: 2019-05-29},
  author = {David W. Aha}
}
	
	
@misc{svcomp,
  title = {{The Software Verification Competition website}},
  howpublished = {\url{http://sv-comp.sosy-lab.org/2016/}},
  author = {Dirk Beyer}
}

@inproceedings{svcomp16,
 author = {Beyer, Dirk},
 title = {Reliable and Reproducible Competition Results with BenchExec and Witnesses Report on SV-COMP 2016},
 booktitle = tacas,
 series = lncs,
 volume = {9636},
 year = {2016},
 pages = {887--904},
 url = {http://dx.doi.org/10.1007/978-3-662-49674-9_55},
 doi = {10.1007/978-3-662-49674-9_55},
 publisher = springer,
} 

@article{harnad1990symbol,
  title={The symbol grounding problem},
  author={Harnad, Stevan},
  journal={Physica D: Nonlinear Phenomena},
  volume={42},
  number={1-3},
  pages={335--346},
  year={1990},
  publisher={Elsevier}
}

@inproceedings{chaslot2008monte,
  title={Monte-Carlo Tree Search: A New Framework for Game AI.},
  author={Chaslot, Guillaume and Bakkes, Sander and Szita, Istvan and Spronck, Pieter},
  booktitle={AIIDE},
  year={2008}
}

@article{browne2012survey,
  title={A survey of monte carlo tree search methods},
  author={Browne, Cameron B and Powley, Edward and Whitehouse, Daniel and Lucas, Simon M and Cowling, Peter I and Rohlfshagen, Philipp and Tavener, Stephen and Perez, Diego and Samothrakis, Spyridon and Colton, Simon},
  journal={IEEE Transactions on Computational Intelligence and AI in games},
  volume={4},
  number={1},
  pages={1--43},
  year={2012},
  publisher={IEEE}
}

@book{kahneman2011thinking,
  title={Thinking, fast and slow},
  author={Kahneman, Daniel},
  year={2011},
  publisher={Macmillan}
}
@book{miikkulainen1993subsymbolic,
  title={Subsymbolic natural language processing: An integrated model of scripts, lexicon, and memory},
  author={Miikkulainen, Risto},
  year={1993},
  publisher={MIT press}
}

@book{sun2013connectionist,
  title={Connectionist-symbolic integration: From unified to hybrid approaches},
  author={Sun, Ron and Alexandre, Frederic},
  year={2013},
  publisher={Psychology Press}
}

@article{OpenML2013,
author = {Vanschoren, Joaquin and van Rijn, Jan N. and Bischl, Bernd and Torgo, Luis},
title = {OpenML: Networked Science in Machine Learning},
journal = {SIGKDD Explorations},
volume = {15},
number = {2},
year = {2013},
pages = {49--60},
url = {http://doi.acm.org/10.1145/2641190.2641198},
doi = {10.1145/2641190.2641198},
publisher = {ACM},
address = {New York, NY, USA},
}


@inproceedings{Valmari1991,
author="Valmari, Antti",
title="Stubborn sets for reduced state space generation",
Booktitle="Advances in Petri Nets",
year="1990",
publisher=springer,
pages="491--515",
series = lncs,
volume = {483},
isbn="978-3-540-46369-6",
doi="10.1007/3-540-53863-1_36",
url="http://dx.doi.org/10.1007/3-540-53863-1_36"
}



@book{papadimitriou,
	Author = {Papadimitriou, Christos},
	Isbn = {0-88175-027-1},
	Publisher = {Computer Science Pr.},
	Series = {Principles of computer science series},
	Title = {The theory of database concurrency control},
	Year = {1986}}

@phdthesis{overman,
	Author = {Overman, W.T.},
	Note = {AAI8121023},
	School = {University of California, Los Angeles},
	Title = {Verification of concurrent systems: function and timing},
	Year = {1981}}

@inproceedings{katz-peled,
	Author = {S. Katz and D. Peled},
	Bibsource = {DBLP, http://dblp.uni-trier.de},
	Booktitle = {REX Workshop},
	Ee = {http://dx.doi.org/10.1007/BFb0013032},
	Pages = {489-507},
	Title = {An efficient verification method for parallel and distributed programs},
	Year = {1988},
	Publisher = springer,
	Series = LNCS,
	Volume = {354},
	Year = {1989}}

@inproceedings{katz-peled2,
	Author = {Katz, S. and Peled, D.},
	Booktitle = {Linear Time, Branching Time and Partial Order in Logics and Models for Concurrency, School/Workshop},
	Pages = {489--507},
	Publisher = springer,
	Title = {An efficient verification method for parallel and distributed programs},
	Url = {http://portal.acm.org/citation.cfm?id=648140.761262},
	Year = {1989},
	Bdsk-Url-1 = {http://portal.acm.org/citation.cfm?id=648140.761262}}

% why double ref????


@inproceedings{valmari-92,
	Author = {Valmari, Antti},
	Booktitle = CAV,
	Pages = {156--165},
	Publisher = springer,
	Series = LNCS,
	Title = {{A Stubborn Attack On State Explosion}},
	Year = {1991},
	Bdsk-Url-1 = {http://portal.acm.org/citation.cfm?id=647759.735025}}

%An Approach to the State-Explosion Problem
@book{godefroid,
	editor = {Godefroid, Patrice},
	Publisher = springer,
	Title = {Partial-Order Methods for the Verification of Concurrent Systems},
	Year = {1996},
	series = lncs,
	volume = {1032}
	}

@article{clarke-grumberg-minea-peled,
	Author = {E. M. Clarke and O. Grumberg and M. Minea and D. Peled},
	journal = sttt,
	Pages = {279--287},
	Publisher = Springer,
	Title = {State space reduction using partial order techniques},
	Year = {1999}}

@inproceedings{geldenhuys-hansen-valmari,
	Author = {Geldenhuys, J. and Hansen, H. and Valmari, A.},
	Booktitle = ATVA,
	Doi1 = {http://dx.doi.org/10.1007/978-3-642-04761-9\_4},
	Pages = {39--53},
	Publisher = springer,
	Series = LNCS,
	Title = {{Exploring the Scope for Partial Order Reduction}},
	Year = {2009},
	Bdsk-Url-2 = {http://dx.doi.org/10.1007/978-3-642-04761-9%5C_4}}

@inproceedings{vth,
	Acmid = {1767120},
	Address = {Berlin, Heidelberg},
	Author = {Geldenhuys, Jaco and Valmari, Antti},
	Booktitle = {SPIN'03},
	Isbn = {3-540-40117-2},
	Location = {Portland, OR, USA},
	Numpages = {15},
	Pages = {136--150},
	Publisher = {Springer},
	Title = {{A nearly memory-optimal data structure for sets and mappings}},
	Url1 = {http://portal.acm.org/citation.cfm?id=1767111.1767120},
	Year = {2003}}


@inproceedings{ltsmin,
	Author = {S.C.C. Blom and Pol, J. van de and Weber, M.},
	Booktitle = CAV,
	Notedel = {See also Technical Report {TR-CTIT-09-30} (http://eprints.eemcs.utwente.nl/15703/).},
	Pages = {354--359},
	Publisher = springer,
	Series = LNCS,
	Title = {{LTSmin}: Distributed and Symbolic Reachability},
	Url1 = {http://doc.utwente.nl/72417/},
	Volume = {6174},
	Year = {2010},
	Bdsk-Url-1 = {http://doc.utwente.nl/72417/}}

@article{schaeffer2007checkers,
  title={Checkers is solved},
  author={Schaeffer, Jonathan and Burch, Neil and Bj{\"o}rnsson, Yngvi and Kishimoto, Akihiro and M{\"u}ller, Martin and Lake, Robert and Lu, Paul and Sutphen, Steve},
  journal={science},
  volume={317},
  number={5844},
  pages={1518--1522},
  year={2007},
  publisher={American Association for the Advancement of Science}
}

@misc{pins,
	Author = {S.C.C. {Blom} and J. {van de Pol} and M. {Weber}},
	Number = {TR-CTIT-09-30},
	Publisher = {Centre for Telematics and Information Technology, University of Twente},
	Title = {Bridging the Gap between Enumerative and Symbolic Model Checkers},
	Url1 = {http://doc.utwente.nl/67526/},
	Year = {2009},
	Bdsk-Url-1 = {http://doc.utwente.nl/67526/}}

@inproceedings{cadp,
	Author = {Garavel, H. and Mateescu, R. and Lang, F. and Serwe, W.},
	Booktitle = CAV,
	Pages = {158--163},
	Publisher = springer,
	Series = LNCS,
	Title = {{CADP} 2006: a toolbox for the construction and analysis of distributed processes},
	Url = {http://portal.acm.org/citation.cfm?id=1770351.1770376},
	Year = {2007},
	Bdsk-Url-1 = {http://portal.acm.org/citation.cfm?id=1770351.1770376}}

@incollection{optimal,
	Author = {Valmari, A. and Hansen, H.},
	Booktitle = {ATPN},
	Pages = {43-62},
	Publisher = springer,
	Series = LNCS,
	Title = {{Can Stubborn Sets Be Optimal?}},
	Volume = {6128},
	Year = {2010}}

@article{lipton,
	Author = {Lipton, Richard J.},
	Journal = cacm,
	Number = {12},
	Pages = {717--721},
	Publisher = ACM,
	Title = {Reduction: A Method of Proving Properties of Parallel Programs},
	Volume = {18},
	Year = {1975}}

%editor="Chechik, Marsha and Raskin, Jean-Fran{\c{c}}ois",
@inproceedings{Beyer2016,
author={Beyer, Dirk},
title="Reliable and Reproducible Competition Results with {BenchExec} and Witnesses (Report on {SV-COMP} 2016)",
booktitle=tacas,
year="2016",
publisher=springer,
pages="887--904",
volume = 9636,
series = lncs
}


%,
@inproceedings{BeyerCGKS09,
	Author = {Dirk Beyer and Alessandro Cimatti and Alberto Griggio and M. Erkan Keremoglu and Roberto Sebastiani},
	Booktitle = FMCAD,
	Pages = {25--32},
	Publisher = IEEE,
	Title = {Software model checking via large-block encoding},
	Year = {2009}}

@inproceedings{Cimatti2012,
	Author = {Alessandro Cimatti and Alberto Griggio},
	Booktitle = CAV,
	Pages = {277--293},
	Publisher = SPRINGER,
	Series = LNCS,
	Title = {{Software Model Checking via IC3}},
	Volume = {7358},
	Year = {2012}}

%and Raychev, Veselin and Vechev, Martin and Koskinen, Eric
@inproceedings{dimitrov2014commutativity,
  title={Commutativity race detection},
  author={{Dimitrov et al.}, Dimitar},
  booktitle={ACM SIGPLAN Notices},
  volume={49 (6)},
  pages={305--315},
  year={2014},
  organization={ACM}
}


@inproceedings{Hoder2012,
	Author = {Hoder, Kry\v{s}tof and Bj{\o}rner, Nikolaj},
	Booktitle = SAT,
	Pages = {157-171},
	Publisher = SPRINGER,
	Series = LNCS,
	Title = {{G}eneralized Property~Directed~Reachability},
	Volume = {7317},
	Year = {2012}}

@inproceedings{Welp2013,
	Author = {Welp, Tobias and Kuehlmann, Andreas},
	Booktitle = DATE,
	Pages = {791--796},
	Publisher = {EDA Consortium},
	Title = {{QF\_BV Model Checking with Property Directed Reachability}},
	Year = {2013}}

@inproceedings{CimattiGMT14,
	Author = {Alessandro Cimatti and Alberto Griggio and Sergio Mover and Stefano Tonetta},
	Booktitle = TACAS,
	Pages = {46--61},
	Publisher = SPRINGER,
	Series = LNCS,
	Title = {{IC3} Modulo Theories via Implicit Predicate Abstraction},
	Volume = {8413},
	Year = {2014}}

@inproceedings{PopeeaRW14,
	Author = {Corneliu Popeea and Andrey Rybalchenko and Andreas Wilhelm},
	Booktitle = FMCAD,
	Pages = {187--194},
	Publisher = IEEE,
	Title = {Reduction for compositional verification of multi-threaded programs},
	Year = {2014}}

@inproceedings{GuptaPR11,
	Author = {Ashutosh Gupta and Corneliu Popeea and Andrey Rybalchenko},
	Booktitle = CAV,
	Pages = {412--417},
	Publisher = SPRINGEr,
	Series = LNCS,
	Title = {Threader: {A} Constraint-Based Verifier for Multi-threaded Programs},
	Volume = {6806},
	Year = {2011}}

@inproceedings{GurfinkelCS11,
	Author = {Arie Gurfinkel and Sagar Chaki and Samir Sapra},
	Booktitle = NFM,
	Pages = {131--145},
	Publisher = SPRINGER,
	Series = LNCS,
	Title = {Efficient Predicate Abstraction of Program Summaries},
	Volume = {6617},
	Year = {2011}}

@article{Cytron1991,
	Acmid = {115320},
	Author = {Cytron, Ron and Ferrante, Jeanne and Rosen, Barry K. and Wegman, Mark N. and Zadeck, F. Kenneth},
	Journal = TOPLAS,
	Number = {4},
	Pages = {451--490},
	Publisher = ACM,
	Title = {Efficiently Computing Static Single Assignment Form and the Control Dependence Graph},
	Volume = {13},
	Year = {1991}}

@article{gao,
	Author = {Gao, H. and Groote, J. F. and Hesselink, W. H.},
	Doi = {10.1007/s00446-004-0115-2},
	Journal = {Distributed Computing},
	Number = {1},
	Pages = {21--42},
	Title = {Lock-free dynamic hash tables with open addressing},
	Url = {http://dx.doi.org/10.1007/s00446-004-0115-2},
	Volume = {18},
	Bdsk-Url-1 = {http://dx.doi.org/10.1007/s00446-004-0115-2}}

@article{CSSA,
	Author = {Chao Wang and Sudipta Kundu and Rhishikesh Limaye and Malay K. Ganai and Aarti Gupta},
	Doi = {10.1007/s00165-011-0179-2},
	Journal = {Formal Asp. Comput.},
	Number = {6},
	Pages = {781--805},
	Title = {Symbolic predictive analysis for concurrent programs},
	Url = {http://dx.doi.org/10.1007/s00165-011-0179-2},
	Volume = {23},
	Year = {2011},
	Bdsk-Url-1 = {http://dx.doi.org/10.1007/s00165-011-0179-2}}

@incollection{impact,
  author    = {Kenneth L. McMillan},
  title     = {Lazy Abstraction with Interpolants},
  booktitle = CAV,
  year      = {2006},
  pages     = {123-136},
  publisher = SPRINGER,
  series    = LNCS,
  volume    = {4144},
}

@incollection{hrmgs02,
 author = {Thomas A. Henzinger and Ranjit Jhala and Rupak Majumdar and Gr\'{e}goire Sutre},
 title = {Lazy abstraction},
 booktitle = POPL,
 year = {2002},
 pages = {58--70},
 publisher = ACM,
 }

%: Concretizing the Convergence of Model Checking and Program Analysis},
@inproceedings{beyerCAV07,
  author    = {Dirk Beyer and
               Thomas A. Henzinger and
               Gr{\'e}gory Th{\'e}oduloz},
  title     = {Configurable Software Verification},
  booktitle = CAV,
  year      = 2007,
  pages     = {504-518},
  series    = LNCS,
  volume    = {4590},
  publisher = SPRINGER,
}

@article{CookKS07,
  author    = {Byron Cook and
               Daniel Kroening and
               Natasha Sharygina},
  title     = {Verification of Boolean programs with unbounded thread creation},
  journal   = tcs,
  volume    = {388},
  number    = {1-3},
  pages     = {227--242},
  year      = {2007},
  url       = {http://dx.doi.org/10.1016/j.tcs.2007.07.050},
  doi       = {10.1016/j.tcs.2007.07.050},
}

@inproceedings{ElmasQT09,
  author    = {Tayfun Elmas and
               Shaz Qadeer and
               Serdar Tasiran},
  title     = {A calculus of atomic actions},
  booktitle = {POPL},
  pages     = {2--15},
  year      = {2009},
  publisher = ACM}

@inproceedings{Park,
 author = {Park, David},
 title = {Concurrency and Automata on Infinite Sequences},
 booktitle = {Theoretical Computer Science},
 year = {1981},
 series = lncs,
 volume = {104},
 pages = {167--183},
 publisher = {Springer},
}

@book{Milner,
 author = {Milner, Robin},
 year = {1989},
 title = {Communication and Concurrency},
 publisher = {Prentice Hall}
}

@inproceedings{bradley2011sat,
  title={SAT-based model checking without unrolling},
  author={Bradley, Aaron R},
  booktitle={International Workshop on Verification, Model Checking, and Abstract Interpretation},
  pages={70--87},
  year={2011},
  organization={Springer}
}

@article{Paige1987,
 author = {Paige, Robert and Tarjan, Robert E.},
 title = {Three Partition Refinement Algorithms},
 journal = {SIAM J. Comput.},
 issue_date = {December 1, 1987},
 volume = {16},
 number = {6},
 month = dec,
 year = {1987},
 issn = {0097-5397},
 pages = {973--989},
 numpages = {17},
 doi = {10.1137/0216062},
 acmid = {37186},
 publisher = {Society for Industrial and Applied Mathematics},
} 

@article{darwiche2002knowledge,
  title={A knowledge compilation map},
  author={Darwiche, Adnan and Marquis, Pierre},
  journal={Journal of Artificial Intelligence Research},
  volume={17},
  pages={229--264},
  year={2002},
    nolink={}
}

@book{greenlaw1995limits,
  title={Limits to parallel computation: P-completeness theory},
  author={Greenlaw, Raymond and Hoover, H James and Ruzzo, Walter L and others},
  year={1995},
  publisher={Oxford University Press on Demand}
}

@Article{Balcazar1992,
author="Balc{\'a}zar, Jos{\'e}
and Gabarr{\'o}, Joaquim
and S{\'a}ntha, Mikl{\'o}s",
title="Deciding bisimilarity isP-complete",
journal="Formal Aspects of Computing",
year="1992",
month="Nov",
day="01",
volume="4",
number="1",
pages="638--648",
issn="1433-299X",
doi="10.1007/BF03180566",
url="https://doi.org/10.1007/BF03180566"
}



@inproceedings{jones1974complete,
  title={Complete problems for deterministic polynomial time},
  author={Jones, Neil D and Laaser, William T},
  booktitle={Proceedings of the sixth annual ACM symposium on Theory of computing},
  pages={40--46},
  year={1974},
  organization={ACM}
}

@article{tarski1955lattice,
  title={A lattice-theoretical fixpoint theorem and its applications.},
  author={Tarski, Alfred and others},
  journal={Pacific journal of Mathematics},
  volume={5},
  number={2},
  pages={285--309},
  year={1955},
  publisher={Pacific Journal of Mathematics}
}

@inbook{Huth2004,
    author    = "M. Huth and M. Ryan",
    title     = "Logic in Computer Science",
    publisher = "Cambridge University Press",
    year      = "2004",
    pages     = "241--241",
    chapter		= "Verification by Model Checking"
}

@InProceedings{Smolka1998,
author="Liu, Xinxin
and Smolka, Scott A.",
title="Simple linear-time algorithms for minimal fixed points",
booktitle="Automata, Languages and Programming",
year="1998",
publisher="Springer",
pages="53--66",
}

@article{romein2003solving,
  title={Solving awari with parallel retrograde analysis},
  author={Romein, John W and Bal, Henri E},
  journal={Computer},
  volume={36},
  number={10},
  pages={26--33},
  year={2003},
  publisher={IEEE}
}

@inproceedings{morgenstern2013solving,
  title={Solving games using incremental induction},
  author={Morgenstern, Andreas and Gesell, Manuel and Schneider, Klaus},
  booktitle={International Conference on Integrated Formal Methods},
  pages={177--191},
  year={2013},
  organization={Springer}
}

@incollection{floyd1993assigning,
  title={Assigning meanings to programs},
  author={Floyd, Robert W},
  booktitle={Program Verification},
  pages={65--81},
  year={1993},
  publisher={Springer},
  nolink={}
}

@article{de1975completeness,
  title={On the completeness of the inductive assertion method},
  author={De Bakker, JW and Meertens, Lambert G. L. T.},
  journal={Journal of Computer and System Sciences},
  volume={11},
  number={3},
  pages={323--357},
  year={1975},
  publisher={Elsevier},
  nolink={}
}
@InProceedings{10.1007/BFb0054161,
author="Liu, Xinxin
and Ramakrishnan, C. R.
and Smolka, Scott A.",
editor="Steffen, Bernhard",
title="Fully local and efficient evaluation of alternating fixed points",
booktitle="Tools and Algorithms for the Construction and Analysis of Systems",
year="1998",
publisher="Springer Berlin Heidelberg",
address="Berlin, Heidelberg",
pages="5--19",
isbn="978-3-540-69753-4"
}


@article{saffidine2012ucd,
  title={UCD: Upper Confidence bound for rooted Directed acyclic graphs},
  author={Saffidine, Abdallah and Cazenave, Tristan and M{\'e}hat, Jean},
  journal={Knowledge-Based Systems},
  volume={34},
  pages={26--33},
  year={2012},
  publisher={Elsevier}
}

@inproceedings{een2011efficient,
  title={Efficient implementation of property directed reachability},
  author={Een, Niklas and Mishchenko, Alan and Brayton, Robert},
  booktitle={Proceedings of the International Conference on Formal Methods in Computer-Aided Design},
  pages={125--134},
  year={2011},
  organization={FMCAD Inc}
}


@InProceedings{ltsmin-tacas,
  author	= {Gijs {Kant et al.}},
  rest={ and Alfons Laarman and Jeroen Meijer and Jaco
		  Pol and Stefan Blom and Tom Dijk},
  title		= {{LTSmin}: High-Performance Language-Independent Model
		  Checking},
  booktitle	= {TACAS'15},
  year		= 2015,
  publisher	= "Springer",
  pages		= {692--707},
  series	= {LNCS},
  volume	= {9035}
  }


@inproceedings{parcleary,
year={2012},
isbn={978-3-642-25928-9},
booktitle={MEMICS 2011},
volume={7119},
series={LNCS},
doiDEL={10.1007/978-3-642-25929-6_18},
title={A Parallel Compact Hash Table},
urlDEL={http://dx.doi.org/10.1007/978-3-642-25929-6_18},
publisher={Springer},
author={Vegt, Steven van der  and Laarman, Alfons W.},
pages={191-204}
}



@inproceedings{vvt,
author="G{\"u}nther, Henning 
and Laarman, Alfons
and Weissenbacher, Georg",
title="{Vienna Verification Tool}: {IC3} for Parallel Software",
booktitle=tacas,
year="2016",
publisher=springer,
pages="954--957",
series = lncs,
volume = {9636},
}

@inproceedings{mazurkiewicz1986trace,
  title={Trace theory},
  author={Mazurkiewicz, Antoni},
  booktitle={Advanced course on Petri nets},
  pages={278--324},
  year={1986},
  organization={Springer}
}

@inproceedings{laarman2018stubborn,
  title={Stubborn Transaction Reduction},
  author={Laarman, Alfons},
  booktitle={NASA Formal Methods Symposium},
  pages={280--298},
  year={2018},
  organization={Springer}
}

@article{van2002games,
  title={Games solved: Now and in the future},
  author={Van Den Herik, H Jaap and Uiterwijk, Jos WHM and Van Rijswijck, Jack},
  journal={Artificial Intelligence},
  volume={134},
  number={1-2},
  pages={277--311},
  year={2002},
  publisher={Elsevier}
}

@article{ganin2016domain,
  title={Domain-adversarial training of neural networks},
  author={Ganin, Yaroslav and Ustinova, Evgeniya and Ajakan, Hana and Germain, Pascal and Larochelle, Hugo and Laviolette, Fran{\c{c}}ois and Marchand, Mario and Lempitsky, Victor},
  journal={The Journal of Machine Learning Research},
  volume={17},
  number={1},
  pages={2096--2030},
  year={2016},
  publisher={JMLR. org}
}

@inproceedings{gunther2017dynamic,
  title={Dynamic reductions for model checking concurrent software},
  author={G{\"u}nther, Henning and Laarman, Alfons and Sokolova, Ana and Weissenbacher, Georg},
  booktitle={International Conference on Verification, Model Checking, and Abstract Interpretation},
  pages={246--265},
  year={2017},
  organization={Springer}
}

@InProceedings{dal,
  title = 	 {Parallel Probabilistic Inference by Weighted Model Counting},
  author = 	 {Dal, Giso H. and Laarman, Alfons W. and Lucas, Peter J.F.},
  booktitle = 	 {Proceedings of the Ninth International Conference on Probabilistic Graphical Models},
  pages = 	 {97--108},
  year = 	 {2018},
  editor = 	 {Kratochv\'{i}l, V\'{a}clav and Studen\'{y}, Milan},
  volume = 	 {72},
  series = 	 {Proceedings of Machine Learning Research},
  address = 	 {Prague, Czech Republic},
  month = 	 {11--14 Sep},
  publisher = 	 {PMLR},
  pdf = 	 {http://proceedings.mlr.press/v72/dal18a/dal18a.pdf},
  url = 	 {http://proceedings.mlr.press/v72/dal18a.html},
}

@misc{shaik2023optimal,
      title={Optimal Layout Synthesis for Quantum Circuits as Classical Planning}, 
      author={Irfansha Shaik and Jaco van de Pol},
      year={2023},
      eprint={2304.12014},
}

@inbook{Dalsgaard2012,
	Author = {Dalsgaard, Andreas E. and Laarman, Alfons and Larsen, Kim G. and Olesen, Mads Chr. and van de Pol, Jaco},
	Chapter = {Multi-core Reachability for Timed Automata},
	Doi = {10.1007/978-3-642-33365-1_8},
	Pages = {91--106},
	Publisher = springer,
	Title = {FORMATS},
	Year = {2012}}
	

@incollection{timedltl,
	Author = {Laarman, Alfons and Olesen, Mads Chr. and Dalsgaard, Andreas E. and Larsen, Kim G. and van de Pol, Jaco},
	Booktitle = cav,
	Doi = {10.1007/978-3-642-39799-8_69},
	Pages = {968-983},
	Publisher = {Springer},
	Series = {LNCS},
	Title = {Multi-core Emptiness Checking of Timed B\"uchi Automata Using Inclusion Abstraction},
	Volume = {8044},
	Year = {2013}}



@article{spins,
	Author = {{Berg}, F. van der  and A. {Laarman}},
	Booktitle = {Proc.~PASM and PDMC},
	Journal = ENTCS,
	Pages = {95 - 105},
	Title = {{SpinS: Extending LTSmin with Promela through SpinJa}},
	Volume = {296},
	Year = {2013}}


@inproceedings{boosting,
	Author = {A.W. {Laarman} and van de Pol, J.C. and M. {Weber}},
	Booktitle = fmcad,	Pages = {247-255},
	Publisher = {IEEE-CS},
	Title = {{Boosting Multi-Core Reachability Performance with Shared Hash Tables}},
	Year = {2010}}

@inproceedings{tree,
	Author = {A. {Laarman} and {Pol}, J. van de and M. {Weber}},
	Booktitle = SPIN,
	Deleditor = {A. {Groce} and M. {Musuvathi}},
	Keywords = {Model checking, parallel, multi-core, state space compression, tree-based algorithm, incremental algorithm},
	Pages = {38--56},
	Publisher = Springer,
	Series = LNCS,
	Title = {{Parallel Recursive State Compression for Free}},
	Year = {2011}}



@inproceedings{cndfs,
	Author = {S. {Evangelista} and A. {Laarman} and L. {Petrucci} and Pol, J. {van} {de}},
	Booktitle = ATVA,
	Pages = {269--283},
	Publisher = springer,
	Series = LNCS,
	Title = {{Improved Multi-core Nested Depth-First Search}},
	Volume = {7561},
	Year = {2012}}

@inproceedings{dfsfifo,
	Author = {A. {Laarman} and D. Farag\'o},
	Booktitle = NFM,
	Pages = {32-47},
	Publisher = springer,
	Series = LNCS,
	Title = {{Improved On-The-Fly Livelock Detection}},
	Volume = {7871},
	Year = {2013}}



@phdthesis{mcmc,
	Author = {Laarman, Alfons},
	howpublished = {UTwente},
	Title = {{Scalable Multi-Core Model Checking}},
	Year = {2014}}

@masterthesis{steffensdynamic,
  title={Dynamic reductions for more efficient software verification},
  author={Steffens, Benjamin},
	howpublished = {Leiden University},
	Year = {2018}
}


@article{spinja,
	Author = {Berg, Freark {van} {der} and Alfons Laarman},
	Journal = ENTCS,
	Pages = {95--105},
	Title = {SpinS: Extending LTSmin with Promela through SpinJa},
	Volume = {296},
	Year = {2013}}
	

@inproceedings{lndfs,
	Author = {Laarman, Alfons and Langerak, Rom and van de Pol, Jaco and Weber, Michael and Wijs, Anton},
	Booktitle = ATVA,
	Doi = {10.1007/978-3-642-24372-1_23},
	Pages = {321-335},
	Publisher = springer,
	Series = LNCS,
	Title = {{Multi-core Nested Depth-First Search}},
	Urldel = {http://dx.doi.org/10.1007/978-3-642-24372-1_23},
	Volume = {6996},
	Year = {2011},
	Bdsk-Url-1 = {http://dx.doi.org/10.1007/978-3-642-24372-1_23}}


@article{guardpor2,
	Author = {A. W. {Laarman} and E. {Pater} and J. C. {van de Pol} and H. {Hansen}},
	Journal = STTT,
	Pages = {1--22},
	Publisher = SPRINGER,
	Title = {Guard-based partial-order reduction},
	Volume = {online},
	Year = {2014}}
	

@inproceedings{guardpor,
	Author = {Laarman, Alfons W. and Pater, Elwin and Pol, J. {van} {de} and Weber, Michael},
	Booktitle = spin,
	Doi = {10.1007/978-3-642-39176-7_15},
	Pages = {227-245},
	Publisher = springer,
	Series = LNCS,
	Title = {{Guard-Based Partial-Order Reduction}},
	Urldel = {http://dx.doi.org/10.1007/978-3-642-39176-7_15},
	Volume = {7976},
	Year = {2013},
	Bdsk-Url-1 = {http://dx.doi.org/10.1007/978-3-642-39176-7_15}}
	



%	Pages = {506--511},
@inproceedings{marrying,
	Author = {Laarman, A. and van de Pol, J. and Weber, M.},
	Booktitle = NFM,
	Publisher = springer,
	Series = LNCS,
	Title = {{Multi-Core LTSmin: Marrying Modularity and Scalability}},
	Volume = {6617},
	Year = {2011}}



@inproceedings{awarilaarman,
  title={Solving Awari with {BDD}s},
  author={Alfons Laarman, Lieuwe Vinkhuizen},
  booktitle={under submission},
  year={2019},
}



@InProceedings{huybers2019,
author="Huybers, Richard
and Laarman, Alfons",
editor="Enea, Constantin
and Piskac, Ruzica",
title="A Parallel Relation-Based Algorithm for Symbolic Bisimulation Minimization",
booktitle="Verification, Model Checking, and Abstract Interpretation",
year="2019",
publisher="Springer International Publishing",
address="Cham",
pages="535--554",
isbn="978-3-030-11245-5"
}

@inproceedings{bova2016sdds,
	title={{SDD}s are exponentially more succinct than {OBDD}s},
	author={Bova, Simone},
	booktitle={Thirtieth AAAI Conference on Artificial Intelligence},
	year={2016}
}

@inproceedings{van2015role,
	title={On the role of canonicity in knowledge compilation},
	author={Van den Broeck, Guy and Darwiche, Adnan},
	booktitle={Twenty-Ninth AAAI Conference on Artificial Intelligence},
	year={2015}
}


@inproceedings{nishino2016zero,
	title={Zero-suppressed sentential decision diagrams},
	author={Nishino, Masaaki and Yasuda, Norihito and Minato, Shin-ichi and Nagata, Masaaki},
	booktitle={Thirtieth AAAI Conference on Artificial Intelligence},
	year={2016}
}

@article{fang2019tagged,
	title={Tagged Sentential Decision Diagrams: Combining Standard and Zero-suppressed Compression and Trimming Rules},
	author={Fang, Liangda and Fang, Biqing and Wan, Hai and Zheng, Zeqi and Chang, Liang and Yu, Quan},
	year={2019}
}


@article{audenaert2005entanglement,
  author={Koenraad M R Audenaert and Martin B Plenio},
  title={Entanglement on mixed stabilizer states: normal forms and reduction procedures},
  journal={New Journal of Physics},
  volume={7},
  number={1},
  pages={170},
  url={http://stacks.iop.org/1367-2630/7/i=1/a=170},
  year={2005},
  abstract={The stabilizer formalism allows the efficient description of a sizeable class of pure as well as mixed quantum states of n -qubit systems. That same formalism has important applications in the field of quantum error correcting codes, where mixed stabilizer states correspond to projectors on subspaces associated with stabilizer codes. In this paper, we derive efficient reduction procedures to obtain various useful normal forms for stabilizer states. We explicitly prove that these procedures will always converge to the correct result and that these procedures are efficient in that they only require a polynomial number of operations on the generators of the stabilizers. On one hand, we obtain two single-party normal forms. The first, the row-reduced echelon form, is obtained using only permutations and multiplications of generators. This form is useful to calculate partial traces of stabilizer states. The second is the fully reduced form, where the reduction procedure invokes single-qubit operations and CNOT operations as well. This normal form allows for the efficient calculation of the overlap between two stabilizer states, as well as of the Uhlmann fidelity between them, and their Bures distance. On the other hand, we also find a reduction procedure of bipartite stabilizer states, where the operations involved are restricted to be local ones. The two-party normal form thus obtained lays bare a very simple bipartite entanglement structure of stabilizer states. To wit, we prove that every bipartite mixed stabilizer state is locally equivalent to a direct product of a number of maximally entangled states and, potentially, a separable state. As a consequence, using this normal form we can efficiently calculate every reasonable bipartite entanglement measure of mixed stabilizer states.}
}
	


@article{aaronson2008improved,
	doi = {10.1103/physreva.70.052328},
	url = {https://doi.org/10.1103%2Fphysreva.70.052328},
	year = {2004},
	month = {nov},
	publisher = {American Physical Society ({APS})},
	volume = {70},
	number = {5},
	author = {Scott Aaronson and Daniel Gottesman},
	title = {Improved simulation of stabilizer circuits},
	journal = {Physical Review A}
}

@article{lipton1979generalized,
	title={Generalized nested dissection},
	author={Lipton, Richard J and Rose, Donald J and Tarjan, Robert Endre},
	journal={SIAM journal on numerical analysis},
	volume={16},
	number={2},
	pages={346--358},
	year={1979},
	publisher={SIAM},
	  nolink={}
}

@inproceedings{hein2006entanglement,
  title={Entanglement in graph states and its applications},
  author={Hein, Marc and D{\"u}r, Wolfgang and Eisert, Jens and Raussendorf, Robert and Nest, M and Briegel, H-J},
  year={2006},
  journal = {arXiv:0602096},
  doi={10.3254/978-1-61499-018-5-115},
	organization={IOS Press},
  booktitle = {Proceedings of the International School of Physics "Enrico Fermi"},
  volume={Volume 162: Quantum Computers, Algorithms and Chaos}
}

@article{gottesman1998heisenberg,
  title = {The {H}eisenberg Representation of Quantum Computers},
  author = {Daniel Gottesman},
  year = {1998},
  journal = {arXiv:quant-ph/9807006v1},
  arXivid = {quant-ph/9807006v1},
  url = {https://arxiv.org/abs/quant-ph/9807006},
  nolink={}
}

@article{nielsen2000quantum,
  title={Quantum information and quantum computation},
  author={Nielsen, Michael A and Chuang, Isaac L},
  journal={Cambridge: Cambridge University Press},
  volume={2},
  number={8},
  pages={23},
  year={2000}
}

@article{ghosh2012surface,
  title = {Surface code with decoherence: An analysis of three superconducting architectures},
  author = {Ghosh, Joydip and Fowler, Austin G. and Geller, Michael R.},
  journal = {Phys. Rev. A},
  volume = {86},
  issue = {6},
  pages = {062318},
  numpages = {12},
  year = {2012},
  month = {Dec},
  publisher = {American Physical Society},
  doi = {10.1103/PhysRevA.86.062318},
  url = {https://link.aps.org/doi/10.1103/PhysRevA.86.062318}
}

@article{bahar1997algebric,
	title={Algebraic decision diagrams and their applications},
	author={Bahar, R Iris and Frohm, Erica A and Gaona, Charles M and Hachtel, Gary D and Macii, Enrico and Pardo, Abelardo and Somenzi, Fabio},
	journal={FMSD},
	volume={10},
	number={2-3},
	pages={171--206},
	year={1997},
	publisher={Springer}
}

@inproceedings{miller2006qmdd,
	title={{Q}{M}{D}{D}: {A} decision diagram structure for reversible and quantum circuits},
	author={Miller, D Michael and Thornton, Mitchell A},
	booktitle={ISMVL},
	pages={30--30},
	year={2006},
	organization={IEEE},
	  nolink={}
}

@inproceedings{glinskih2017satisfiable,
	title={Satisfiable Tseitin formulas are hard for nondeterministic read-once branching programs},
	author={Glinskih, Ludmila and Itsykson, Dmitry},
	booktitle={42nd International Symposium on Mathematical Foundations of Computer Science (MFCS 2017)},
	year={2017},
	organization={Schloss Dagstuhl-Leibniz-Zentrum fuer Informatik}
}

@article{vdurivs2004multi,
	title={On multi-partition communication complexity},
	author={{\v{D}}uri{\v{s}}, Pavol and Hromkovi{\v{c}}, Juraj and Jukna, Stasys and Sauerhoff, Martin and Schnitger, Georg},
	journal={Information and computation},
	volume={194},
	number={1},
	pages={49--75},
	year={2004},
	publisher={Academic Press},
	  nolink={}
}

@InProceedings{Toffoli,
author="Toffoli, Tommaso",
editor="de Bakker, Jaco
and van Leeuwen, Jan",
title="Reversible computing",
booktitle="Automata, Languages and Programming",
year="1980",
publisher="Springer Berlin Heidelberg",
address="Berlin, Heidelberg",
pages="632--644",
}



@article{ferguson1991polynomial,
	title={A polynomial time, numerically stable integer relation algorithm},
	author={Ferguson, Helaman RP and Bailey, David H},
	year={1991},
	publisher={Citeseer}
}

@article{preskill2018quantum,
  title={{Q}uantum {C}omputing in the {N}{I}{S}{Q} era and beyond},
  author={Preskill, John},
  journal={Quantum},
  volume={2},
  pages={79},
  year={2018},
  publisher={Verein zur F{\"o}rderung des Open Access Publizierens in den Quantenwissenschaften},
  nolink={}
}

@article{ferguson1999analysis,
	title={Analysis of PSLQ, an integer relation finding algorithm},
	author={Ferguson, Helaman and Bailey, David and Arno, Steve},
	journal={Mathematics of Computation},
	volume={68},
	number={225},
	pages={351--369},
	year={1999}
}

@article{akers1978binary,
	title={Binary decision diagrams},
	author={Akers, Sheldon B.},
	journal={IEEE Computer Architecture Letters},
	volume={27},
	number={06},
	pages={509--516},
	year={1978},
	publisher={IEEE Computer Society},
	nolink={}
}

@article{d2010testing,
	title={Testing equivalence of pure quantum states and graph states under SLOCC},
	author={D'SOUZA, ADAM G and Bri{\"e}t, Jop and Feder, David L},
	journal={International Journal of Quantum Information},
	volume={8},
	number={01n02},
	pages={395--410},
	year={2010},
	publisher={World Scientific}
}

@article{LUKS1997335,
  title={Some algorithms for nilpotent permutation groups},
  author={Luks, Eugene M and R{\'a}k{\'o}czi, Ferenc and Wright, Charles RB},
  journal={Journal of Symbolic Computation},
  volume={23},
  number={4},
  pages={335--354},
  year={1997},
  publisher={Elsevier},
  issn = {0747-7171},
  doi = {https://doi.org/10.1006/jsco.1996.0092},
  url = {https://www.sciencedirect.com/science/article/pii/S0747717196900929},
}

@article{raussendorf2001oneway,
  title = {A One-Way Quantum Computer},
  author = {Raussendorf, Robert and Briegel, Hans J.},
  journal = {Phys. Rev. Lett.},
  volume = {86},
  issue = {22},
  pages = {5188--5191},
  numpages = {0},
  year = {2001},
  month = {May},
  publisher = {American Physical Society},
  doi = {10.1103/PhysRevLett.86.5188},
  url = {https://link.aps.org/doi/10.1103/PhysRevLett.86.5188}
}

@article{briegel2000persistent,
  title = {Persistent Entanglement in Arrays of Interacting Particles},
  author = {Briegel, Hans J. and Raussendorf, Robert},
  journal = {Phys. Rev. Lett.},
  volume = {86},
  issue = {5},
  pages = {910--913},
  numpages = {0},
  year = {2001},
  month = {Jan},
  publisher = {American Physical Society},
  doi = {10.1103/PhysRevLett.86.910},
  url = {https://link.aps.org/doi/10.1103/PhysRevLett.86.910}
}





@phdthesis{gottesman1997stabilizer,
  title={Stabilizer codes and quantum error correction},
  author={Gottesman, Daniel},
  school={California Institute of Technology},
  year={1997}
}

@article{bravyi2016trading,
  title = {Trading Classical and Quantum Computational Resources},
  author = {Bravyi, Sergey and Smith, Graeme and Smolin, John A.},
  journal = {Phys. Rev. X},
  volume = {6},
  issue = {2},
  pages = {021043},
  numpages = {14},
  year = {2016},
  month = {Jun},
  publisher = {American Physical Society},
  doi = {10.1103/PhysRevX.6.021043},
  url = {https://link.aps.org/doi/10.1103/PhysRevX.6.021043}
}

@article{duer2005standard,
  title = {Standard forms of noisy quantum operations via depolarization},
  author = {D\"ur, W. and Hein, M. and Cirac, J. I. and Briegel, H.-J.},
  journal = {Phys. Rev. A},
  volume = {72},
  issue = {5},
  pages = {052326},
  numpages = {30},
  year = {2005},
  month = {Nov},
  publisher = {American Physical Society},
  doi = {10.1103/PhysRevA.72.052326},
  url = {https://link.aps.org/doi/10.1103/PhysRevA.72.052326}
}

@article{englbrecht2020symmetries,
  title = {Symmetries and entanglement of stabilizer states},
  author = {Englbrecht, Matthias and Kraus, Barbara},
  journal = {Phys. Rev. A},
  volume = {101},
  issue = {6},
  pages = {062302},
  numpages = {17},
  year = {2020},
  month = {Jun},
  publisher = {American Physical Society},
  doi = {10.1103/PhysRevA.101.062302},
  url = {https://link.aps.org/doi/10.1103/PhysRevA.101.062302}
}


@article{nest2005local,
  title = {Local unitary versus local {C}lifford equivalence of stabilizer states},
  author = {Van den Nest, Maarten and Dehaene, Jeroen and De Moor, Bart},
  journal = {Phys. Rev. A},
  volume = {71},
  issue = {6},
  pages = {062323},
  numpages = {7},
  year = {2005},
  month = {Jun},
  publisher = {American Physical Society},
  doi = {10.1103/PhysRevA.71.062323},
  url = {https://link.aps.org/doi/10.1103/PhysRevA.71.062323}
}

@article{bravyi2019simulation,
  doi = {10.22331/q-2019-09-02-181},
  url = {https://doi.org/10.22331/q-2019-09-02-181},
  title = {Simulation of quantum circuits by low-rank stabilizer decompositions},
  author = {Bravyi, Sergey and Browne, Dan and Calpin, Padraic and Campbell, Earl and Gosset, David and Howard, Mark},
  journal = {{Quantum}},
  issn = {2521-327X},
  publisher = {{Verein zur F{\"{o}}rderung des Open Access Publizierens in den Quantenwissenschaften}},
  volume = {3},
  pages = {181},
  month = sep,
  year = {2019}
}

@article{huang2019approximate,
  title = {Approximate stabilizer rank and improved weak simulation of {C}lifford-dominated circuits for qudits},
  author = {Huang, Yifei and Love, Peter},
  journal = {Phys. Rev. A},
  volume = {99},
  issue = {5},
  pages = {052307},
  numpages = {13},
  year = {2019},
  month = {May},
  publisher = {American Physical Society},
  doi = {10.1103/PhysRevA.99.052307},
  url = {https://link.aps.org/doi/10.1103/PhysRevA.99.052307}
}

@article{kocia2018stationary,
  title={Stationary phase method in discrete Wigner functions and classical simulation of quantum circuits},
  author={Kocia, Lucas and Love, Peter},
  journal={Quantum},
  volume={5},
  pages={494},
	doi = {10.22331/q-2021-07-05-494},
  year={2021},
  publisher={Verein zur F{\"o}rderung des Open Access Publizierens in den Quantenwissenschaften}
}

@article{kocia2020improved,
author = {Lucas Kocia and Mohan Sarovar},
title = {Improved Simulation of Quantum Circuits by Fewer Gaussian Eliminations},
year = {2020},
journal = {arXiv:2003.01130},
arXivid = {2003.01130},
  nolink={}
}

@article{bravyi2017improved,
  title = {Improved Classical Simulation of Quantum Circuits Dominated by {C}lifford Gates},
  author = {Bravyi, Sergey and Gosset, David},
  journal = {Phys. Rev. Lett.},
  volume = {116},
  issue = {25},
  pages = {250501},
  numpages = {5},
  year = {2016},
  month = {Jun},
  publisher = {American Physical Society},
  doi = {10.1103/PhysRevLett.116.250501},
  url = {https://link.aps.org/doi/10.1103/PhysRevLett.116.250501}
}

@INPROCEEDINGS{viamontes2004high,
  author={Viamontes, G.F. and Markov, I.L. and Hayes, J.P.},
  booktitle={Proceedings Design, Automation and Test in Europe Conference and Exhibition}, 
  title={High-performance {Q}u{IDD}-based simulation of quantum circuits}, 
  year={2004},
  volume={2},
  number={},
  pages={1354-1355 Vol.2},
  doi={10.1109/DATE.2004.1269084}}


@article{nest2004graphical,
  title={Graphical description of the action of local {C}lifford transformations on graph states},
  author={Van den Nest, Maarten and Dehaene, Jeroen and De Moor, Bart},
  journal={Physical Review A},
  volume={69},
  number={2},
  pages={022316},
  year={2004},
  publisher={APS}
}

@book{viamontes2009quantum,
  title={Quantum circuit simulation},
  author={Viamontes, George F and Markov, Igor L and Hayes, John P},
  year={2009},
  publisher={Springer Science \& Business Media},
    doi={10.1007/978-90-481-3065-8}
}

@inproceedings{sanner2005AffineADDs,
author = {Sanner, Scott and McAllester, David},
title = {Affine Algebraic Decision Diagrams ({AADD}s)},
year = {2005},
booktitle = {IJCAI},
pages = {1384--1390},
numpages = {7},
}




@inproceedings{brace1990efficient,
  title={Efficient implementation of a {BDD} package},
  author={Brace, Karl S and Rudell, Richard L and Bryant, Randal E},
  booktitle={27th ACM/IEEE design automation conference},
  pages={40--45},
  year={1990},
  organization={IEEE},
    nolink={}
}

@inproceedings{bryant1995verification,
	title={Verification of arithmetic circuits with binary moment diagrams},
	author={Bryant, Yirng-An Chen Randal E},
	booktitle={32nd Design Automation Conference},
	pages={535--541},
	year={1995},
	organization={IEEE},
	  nolink={}
}

@misc{garcia2012efficient,
  doi = {10.48550/ARXIV.1210.6646},
  url = {https://arxiv.org/abs/1210.6646},
  author = {Garcia, Hector J. and Markov, Igor L. and Cross, Andrew W.},
  title = {Efficient Inner-product Algorithm for Stabilizer States},
  publisher = {arXiv},
  year = {2012},
  copyright = {arXiv.org perpetual, non-exclusive license}
}

@book{wegener2000branching,
	title={Branching programs and binary decision diagrams: theory and applications},
	author={Wegener, Ingo},
	year={2000},
	publisher={SIAM},
	  nolink={}
}


@article{hebenstreit2020computational,
  title={Computational power of matchgates with supplementary resources},
  author={Hebenstreit, Martin and Jozsa, Richard and Kraus, Barbara and Strelchuk, Sergii},
  journal={Physical Review A},
  volume={102},
  number={5},
  pages={052604},
  year={2020},
  publisher={APS},
    nolink={}
}

@article{kitaev1997quantum,
  title={Quantum computations: algorithms and error correction},
  author={Kitaev, A Yu},
  journal={Russian Mathematical Surveys},
  volume={52},
  number={6},
  pages={1191},
  year={1997},
  publisher={IOP Publishing}
}

@phdthesis{calpin2020exploring,
	title={Exploring Quantum Computation Through the Lens of Classical Simulation},
	author={Calpin, Padraic},
	year={2020},
	school={UCL (University College London)}
}

@article{bravyi2005universal,
  title = {Universal quantum computation with ideal {C}lifford gates and noisy ancillas},
  author = {Bravyi, Sergey and Kitaev, Alexei},
  journal = {Phys. Rev. A},
  volume = {71},
  issue = {2},
  pages = {022316},
  numpages = {14},
  year = {2005},
  month = {Feb},
  publisher = {American Physical Society},
  doi = {10.1103/PhysRevA.71.022316},
  url = {https://link.aps.org/doi/10.1103/PhysRevA.71.022316}
}

@article{jozsa2008matchgates,
  title={Matchgates and Classical Simulation of Quantum Circuits},
  author={Jozsa, Richard and Miyake, Akimasa},
  journal={Proceedings: Mathematical, Physical and Engineering Sciences},
  pages={3089--3106},
  year={2008},
  publisher={JSTOR},
    nolink={}
}

@misc{vilmart2021quantum,
  doi = {10.48550/ARXIV.2107.01186},
  url = {https://arxiv.org/abs/2107.01186},
  author = {Vilmart, Renaud},
  title = {Quantum Multiple-Valued Decision Diagrams in Graphical Calculi},
  publisher = {arXiv},
  year = {2021},
  copyright = {arXiv.org perpetual, non-exclusive license}
}


@article{terhal2001classical,
  title = {Classical simulation of noninteracting-fermion quantum circuits},
  author = {Terhal, Barbara M. and DiVincenzo, David P.},
  journal = {Phys. Rev. A},
  volume = {65},
  issue = {3},
  pages = {032325},
  numpages = {10},
  year = {2002},
  month = {Mar},
  publisher = {American Physical Society},
  doi = {10.1103/PhysRevA.65.032325},
  url = {https://link.aps.org/doi/10.1103/PhysRevA.65.032325}
}

@article{lai2022ccdd,
  title={{CCDD}: A Tractable Representation for Model Counting and Uniform Sampling},
  author={Lai, Yong and Meel, Kuldeep S and Yap, Roland HC},
  journal={arXiv preprint arXiv:2202.10025},
  year={2022}
}

@article{darwiche2001decomposable,
  title={Decomposable negation normal form},
  author={Darwiche, Adnan},
  journal={Journal of the ACM (JACM)},
  volume={48},
  number={4},
  pages={608--647},
  year={2001},
  publisher={ACM New York, NY, USA}
}

@article{orus2014practical,
title = {A practical introduction to tensor networks: Matrix product states and projected entangled pair states},
journal = {Annals of Physics},
volume = {349},
pages = {117-158},
year = {2014},
issn = {0003-4916},
doi = {https://doi.org/10.1016/j.aop.2014.06.013},
url = {https://www.sciencedirect.com/science/article/pii/S0003491614001596},
author = {Rom\'an Or\'us},
keywords = {Tensor networks, MPS, PEPS, Entanglement},
abstract = {This is a partly non-technical introduction to selected topics on tensor network methods, based on several lectures and introductory seminars given on the subject. It should be a good place for newcomers to get familiarized with some of the key ideas in the field, specially regarding the numerics. After a very general introduction we motivate the concept of tensor network and provide several examples. We then move on to explain some basics about Matrix Product States (MPS) and Projected Entangled Pair States (PEPS). Selected details on some of the associated numerical methods for 1d and 2d quantum lattice systems are also discussed.}
}

@article{lai2017new,
  title={New canonical representations by augmenting {OBDD}s with conjunctive decomposition},
  author={Lai, Yong and Liu, Dayou and Yin, Minghao},
  journal={Journal of Artificial Intelligence Research},
  volume={58},
  pages={453--521},
  year={2017}
}



@inproceedings{audemard2020tractable,
  title={On tractable {XAI} queries based on compiled representations},
  author={Audemard, Gilles and Koriche, Fr{\'e}d{\'e}ric and Marquis, Pierre},
  booktitle={Proceedings of the International Conference on Principles of Knowledge Representation and Reasoning},
  volume={17},
  number={1},
  pages={838--849},
  year={2020}
}


@misc{githubrepo,
  title = {StabRankSearcher: code for finding (upper bounds to) the stabilizer rank of a quantum state},
  year = {2021},
  publisher = {GitHub},
  journal = {GitHub repository},
  howpublished = {\url{https://github.com/timcp/StabRankSearcher}},
}

@article{glasser2019expressive,
  title={Expressive power of tensor-network factorizations for probabilistic modeling},
  author={Glasser, Ivan and Sweke, Ryan and Pancotti, Nicola and Eisert, Jens and Cirac, Ignacio},
  journal={Advances in neural information processing systems},
  volume={32},
  year={2019}
}

@article{vinkhuijzen2021limdd,
  url = {https://doi.org/10.22331/q-2023-09-11-1108},
  title = {{LIMDD}: {A} {D}ecision {D}iagram for {S}imulation of {Q}uantum {C}omputing {I}ncluding {S}tabilizer {S}tates},
  author = {Vinkhuijzen, Lieuwe and Coopmans, Tim and Elkouss, David and Dunjko, Vedran and Laarman, Alfons},
  journal = {{Quantum}},
  issn = {2521-327X},
  publisher = {{Verein zur F{\"{o}}rderung des Open Access Publizierens in den Quantenwissenschaften}},
  volume = {7},
  pages = {1108},
  month = sep,
  year = {2023}
}

@INPROCEEDINGS{hong2021approximate,
  author={Hong, Xin and Ying, Mingsheng and Feng, Yuan and Zhou, Xiangzhen and Li, Sanjiang},
  booktitle={DAC}, 
  title={Approximate Equivalence Checking of Noisy Quantum Circuits}, 
  year={2021},
  volume={},
  number={},
  pages={637-642},
  doi={10.1109/DAC18074.2021.9586214}}


@article{hong2020tensor,
author = {Hong, Xin and Zhou, Xiangzhen and Li, Sanjiang and Feng, Yuan and Ying, Mingsheng},
title = {A Tensor Network Based Decision Diagram for Representation of Quantum Circuits},
year = {2022},
issue_date = {November 2022},
publisher = {Association for Computing Machinery},
address = {New York, NY, USA},
volume = {27},
number = {6},
issn = {1084-4309},
doi = {10.1145/3514355},
journal = {ACM Trans. Des. Autom. Electron. Syst.},
month = {jun},
articleno = {60},
numpages = {30},
keywords = {Tensor network, decision diagram}
}

%@article{qkcm,
%author = {Lieuwe Vinkhuijzen and Tim Coopmans and Alfons Laarman},
%title = {A Knowledge Compilation Map for Quantum Information},
%year = {2023},
%journal = {(under submission)},
%}

@misc{qkcm,
      title={A Knowledge Compilation Map for Quantum Information}, 
      author={Lieuwe Vinkhuijzen and Tim Coopmans and Alfons Laarman},
      year={2024},
      eprint={2401.01322},
      archivePrefix={arXiv},
      primaryClass={quant-ph}
}

@inproceedings{tang2019quantum,
  title={A quantum-inspired classical algorithm for recommendation systems},
  author={Tang, Ewin},
  booktitle={Proceedings of the 51st annual ACM SIGACT symposium on theory of computing},
  pages={217--228},
  year={2019}
}


@InProceedings{thanos2023fast,
  author={Thanos, Dimitrios and Coopmans, Tim and Laarman, Alfons},
  title = {Fast equivalence checking of quantum circuits of Clifford gates},
  booktitle = {ATVA},
  series = {LNCS},
  year = {2023},
  publisher = {Springer}}
  
  @article{brand2023quantum,
  title={Quantum Graph-State Synthesis with SAT},
  author={Brand, Sebastiaan and Coopmans, Tim and Laarman, Alfons},
  journal={2309.03593},
  year={2023}
}
  
@inproceedings{aaronson2004multilinear,
author = {Aaronson, Scott},
title = {Multilinear Formulas and Skepticism of Quantum Computing},
year = {2004},
isbn = {1581138520},
publisher = {Association for Computing Machinery},
address = {New York, NY, USA},
url = {https://doi.org/10.1145/1007352.1007378},
doi = {10.1145/1007352.1007378},
abstract = {Several researchers, including Leonid Levin, Gerard 't Hooft, and Stephen Wolfram,
have argued that quantum mechanics will break down before the factoring of large numbers
becomes possible. If this is true, then there should be a natural set of quantum states
that can account for all quantum computing experiments performed to date, but not
for Shor's factoring algorithm. We investigate as a candidate the set of states expressible
by a polynomial number of additions and tensor products. Using a recent lower bound
on multilinear formula size due to Raz, we then show that states arising in quantum
error-correction require nÎ©(log n) additions and tensor products even to approximate,
which incidentally yields the first superpolynomial gap between general and multilinear
formula size of functions. More broadly, we introduce a complexity classification
of pure quantum states, and prove many basic facts about this classification. Our
goal is to refine vague ideas about a breakdown of quantum mechanics into specific
hypotheses that might be experimentally testable in the near future.},
booktitle = {Proceedings of the Thirty-Sixth Annual ACM Symposium on Theory of Computing},
pages = {118â€“127},
numpages = {10},
keywords = {quantum computing, error-correcting codes, matrix rank, multilinear formula size},
location = {Chicago, IL, USA},
series = {STOC '04}
}

@misc{arunachalam2022parameterized,
  doi = {10.48550/ARXIV.2202.08119},
  url = {https://arxiv.org/abs/2202.08119},
  author = {Arunachalam, Srinivasan and Bravyi, Sergey and Nirkhe, Chinmay and O'Gorman, Bryan},
  title = {The Parameterized Complexity of Quantum Verification},
  publisher = {arXiv},
  year = {2022},
  copyright = {Creative Commons Attribution 4.0 International}
}



@article{perez2006matrixProductStateRepresentations,
author = {Perez-Garcia, D. and Verstraete, F. and Wolf, M. M. and Cirac, J. I.},
title = {Matrix Product State Representations},
year = {2007},
issue_date = {July 2007},
publisher = {Rinton Press, Incorporated},
address = {Paramus, NJ},
volume = {7},
number = {5},
issn = {1533-7146},
journal = {Quantum Info. Comput.},
month = {jul},
pages = {401-430},
numpages = {30},
nolink={}
}

@book{knuth4,
  title={The Art of Computer Programming. Volume 4, Fascicle 1},
  author={Knuth, Donald Ervin},
  year={2005},
  publisher={Addison-Wesley},
    nolink={}
}

@article{smith2006typicalEntanglementStabilizer,
  title={Typical entanglement of stabilizer states},
  author={Smith, Graeme and Leung, Debbie},
  journal={Physical Review A},
  volume={74},
  number={6},
  pages={062314},
  year={2006},
  publisher={APS},
    nolink={}
}

@article{fattal2004entanglementStabilizer,
  title={Entanglement in the stabilizer formalism},
  author={Fattal, David and Cubitt, Toby S and Yamamoto, Yoshihisa and Bravyi, Sergey and Chuang, Isaac L},
  journal={arXiv preprint quant-ph/0406168},
  year={2004},
    nolink={}
}


@inproceedings{gunther1998bddLinearTransformation,
  title={{BDD} minimization by linear transformations},
  author={G{\"u}nther, Wolfgang and Drechsler, Rolf},
  booktitle={In Advanced Computer Systems},
  year={1998},
  organization={University Szczecin},
    nolink={}
}

@article{nest2007classical,
  title = {Classical simulation versus universality in measurement-based quantum computation},
  author = {Van den Nest, M. and D\"ur, W. and Vidal, G. and Briegel, H. J.},
  journal = {Phys. Rev. A},
  volume = {75},
  issue = {1},
  pages = {012337},
  numpages = {15},
  year = {2007},
  month = {Jan},
  publisher = {American Physical Society},
  doi = {10.1103/PhysRevA.75.012337},
  url = {https://link.aps.org/doi/10.1103/PhysRevA.75.012337}
}

@article{jelinek2010rankwidth,
  title={The rank-width of the square grid},
  author={Jel{\'\i}nek, V{\'\i}t},
  journal={Discrete Applied Mathematics},
  volume={158},
  number={7},
  pages={841--850},
  year={2010},
  nolink = {},
  publisher={Elsevier}
}

@article{kissinger2019reducingTCount,
  title={Reducing T-count with the ZX-calculus},
  author={Kissinger, Aleks and van de Wetering, John},
  journal={arXiv preprint arXiv:1903.10477},
  nolink = {},
  year={2019}
}

@article{thapliyal2019quantumOptimizingTCount,
  title={Quantum circuit designs of integer division optimizing T-count and T-depth},
  author={Thapliyal, Himanshu and Munoz-Coreas, Edgard and Varun, TSS and Humble, Travis S},
  journal={IEEE Transactions on Emerging Topics in Computing},
  volume={9},
  number={2},
  pages={1045--1056},
  year={2019},
  nolink = {},
  publisher={IEEE}
}

@article{lipinska2018anonymous,
  title = {Anonymous transmission in a noisy quantum network using the ${W}$ state},
  author = {Lipinska, Victoria and Murta, Gl\'aucia and Wehner, Stephanie},
  journal = {Phys. Rev. A},
  volume = {98},
  issue = {5},
  pages = {052320},
  numpages = {17},
  year = {2018},
  month = {Nov},
  publisher = {American Physical Society},
  doi = {10.1103/PhysRevA.98.052320},
  url = {https://link.aps.org/doi/10.1103/PhysRevA.98.052320}
}

@article{peham2022equivalence,
  title={Equivalence Checking Paradigms in Quantum Circuit Design},
  author={Peham, Tom and Burgholzer, Lukas and Wille, Robert},
  nolink={},
  journal={},
  year={2022}
}

@article{white1992density,
  title={Density matrix formulation for quantum renormalization groups},
  author={White, Steven R},
  journal={Physical review letters},
  volume={69},
  number={19},
  pages={2863},
  year={1992},
  nolink={},
  publisher={APS}
}

@phdthesis{mcclung2020constructionsOfWStates,
  title={Constructions and Applications of W-States},
  author={McClung, James},
  year={2020},
  school={Worcester Polytechnic Institute}
}

@article{wang2007quantum,
  title={Quantum secure communication scheme with W state},
  author={Jian, Wang and Quan, Zhang and Chao-Jing, Tang},
  journal={Communications in Theoretical Physics},
  volume={48},
  number={4},
  pages={637},
  year={2007},
  nolink={},
  publisher={IOP Publishing}
}

@article{liu2011efficientWState,
  title={An efficient protocol for the quantum private comparison of equality with W state},
  author={Liu, Wen and Wang, Yong-Bin and Jiang, Zheng-Tao},
  journal={Optics Communications},
  volume={284},
  number={12},
  pages={3160--3163},
  year={2011},
  nolink={},
  publisher={Elsevier}
}

@inproceedings{burgholzer2020improvedEquivalenceChecking,
  title={Improved {DD}-based equivalence checking of quantum circuits},
  author={Burgholzer, Lukas and Wille, Robert},
  booktitle={2020 25th Asia and South Pacific Design Automation Conference (ASP-DAC)},
  pages={127--132},
  year={2020},
  nolink={},
  organization={IEEE}
}

@article{burgholzer2020advanced,
  title={Advanced equivalence checking for quantum circuits},
  author={Burgholzer, Lukas and Wille, Robert},
  journal={CADICS},
  number={9},
  pages={1810--1824},
  year={2020},
  publisher={IEEE},
  nolink={},
}

@article{cirac2021MPSPEPS,
  title={Matrix product states and projected entangled pair states: Concepts, symmetries, theorems},
  author={Cirac, J Ignacio and Perez-Garcia, David and Schuch, Norbert and Verstraete, Frank},
  journal={Reviews of Modern Physics},
  volume={93},
  number={4},
  pages={045003},
  year={2021},
  nolink={},
  publisher={APS}
}

@inproceedings{kisa2014probabilistic,
  title={Probabilistic sentential decision diagrams},
  author={Kisa, Doga and Van den Broeck, Guy and Choi, Arthur and Darwiche, Adnan},
  booktitle={Fourteenth International Conference on the Principles of Knowledge Representation and Reasoning},
  nolink={},
  year={2014}
}

@article{coecke2011interactingZXAlgebra,
  title={Interacting quantum observables: categorical algebra and diagrammatics},
  author={Coecke, Bob and Duncan, Ross},
  journal={New Journal of Physics},
  volume={13},
  number={4},
  pages={043016},
  year={2011},
  nolink={},
  publisher={IOP Publishing}
}

@article{tafertshofer1997factored,
  title={Factored edge-valued binary decision diagrams},
  author={Tafertshofer, Paul and Pedram, Massoud},
  journal={FMSD},
  volume={10},
  number={2},
  pages={243--270},
  year={1997},
  nolink={},
  publisher={Springer}
}
@inproceedings{burgholzer2021random,
  title={Random stimuli generation for the verification of quantum circuits},
  author={Burgholzer, Lukas and Kueng, Richard and Wille, Robert},
  booktitle={Proceedings of the 26th Asia and South Pacific Design Automation Conference},
  pages={767--772},
  nolink={},
  year={2021}
}

@article{carleo2017solving,
	title={Solving the quantum many-body problem with artificial neural networks},
	author={Carleo, Giuseppe and Troyer, Matthias},
	journal={Science},
	volume={355},
	number={6325},
	pages={602--606},
	year={2017},
	publisher={American Association for the Advancement of Science}
}

@article{jones2019quest,
	title={QuEST and high performance simulation of quantum computers},
	author={Jones, Tyson and Brown, Anna and Bush, Ian and Benjamin, Simon C},
	journal={Scientific reports},
	volume={9},
	number={1},
	pages={1--11},
	year={2019},
	publisher={Springer}
}

@article{foulkes2001quantum,
	title={Quantum {M}onte {C}arlo simulations of solids},
	author={Foulkes, WMC and Mitas, Lubos and Needs, RJ and Rajagopal, Guna},
	journal={Reviews of Modern Physics},
	volume={73},
	number={1},
	pages={33},
	year={2001},
	publisher={APS}
}

@article{vandaele2023optimal,
	title={Optimal {H}adamard gate count for {C}lifford $+ {T} $ synthesis of {P}auli rotations sequences},
	author={Vandaele, Vivien and Martiel, Simon and Perdrix, Simon and Vuillot, Christophe},
	journal={arXiv preprint arXiv:2302.07040},
	year={2023}
}

@inproceedings{ablayev2001computationalQOBDD,
	title={On computational power of quantum branching programs},
	author={Ablayev, Farid and Gainutdinova, Aida and Karpinski, Marek},
	booktitle={Fundamentals of Computation Theory: 13th International Symposium, FCT 2001 Riga, Latvia, August 22--24, 2001 Proceedings 13},
	pages={59--70},
	year={2001},
	organization={Springer}
}

@article{jerrum2017parameterised,
	title={The parameterised complexity of counting even and odd induced subgraphs},
	author={Jerrum, Mark and Meeks, Kitty},
	journal={Combinatorica},
	volume={37},
	number={5},
	pages={965--990},
	year={2017},
	publisher={Springer}
}

@article{chen2018equivalence,
  title={Equivalence of restricted {B}oltzmann machines and tensor network states},
  author={Chen, Jing and Cheng, Song and Xie, Haidong and Wang, Lei and Xiang, Tao},
  journal={Physical Review B},
  volume={97},
  number={8},
  pages={085104},
  year={2018},
  publisher={APS}
}

@article{burgholzer2023tensor,
  title={Tensor Networks or Decision Diagrams? {G}uidelines for Classical Quantum Circuit Simulation},
  author={Burgholzer, Lukas and Ploier, Alexander and Wille, Robert},
  journal={arXiv preprint arXiv:2302.06616},
  year={2023}
}

@article{zhang2018efficient,
  title={An efficient algorithmic way to construct {B}oltzmann machine representations for arbitrary stabilizer code},
  author={Zhang, Yuan-Hang and Jia, Zhian and Wu, Yu-Chun and Guo, Guang-Can},
  journal= {arXiv:1809.08631},
  arXivid = {1809.08631},
  year={2018}
}

@article{dicke1954coherence,
  title={Coherence in spontaneous radiation processes},
  author={Dicke, Robert H},
  journal={Physical review},
  volume={93},
  number={1},
  pages={99},
  year={1954},
  publisher={APS}
}

@inproceedings{bartschi2019deterministic,
  title={Deterministic preparation of {D}icke states},
  author={B{\"a}rtschi, Andreas and Eidenbenz, Stephan},
  booktitle={Fundamentals of Computation Theory: 22nd International Symposium, FCT 2019, Copenhagen, Denmark, August 12-14, 2019, Proceedings 22},
  pages={126--139},
  year={2019},
  organization={Springer}
}

@article{wu2020artificial,
  title = {Artificial neural network based computation for out-of-time-ordered correlators},
  author = {Wu, Yukai and Duan, L.-M. and Deng, Dong-Ling},
  journal = {Phys. Rev. B},
  volume = {101},
  issue = {21},
  pages = {214308},
  numpages = {7},
  year = {2020},
  month = {Jun},
  publisher = {American Physical Society},
  doi = {10.1103/PhysRevB.101.214308},
  url = {https://link.aps.org/doi/10.1103/PhysRevB.101.214308}
}


@article{dang2019optimising,
  doi = {10.22331/q-2019-01-25-116},
  url = {https://doi.org/10.22331/q-2019-01-25-116},
  title = {Optimising {M}atrix {P}roduct {S}tate {S}imulations of {S}hor's {A}lgorithm},
  author = {Dang, Aidan and Hill, Charles D. and Hollenberg, Lloyd C. L.},
  journal = {{Quantum}},
  issn = {2521-327X},
  publisher = {{Verein zur F{\"{o}}rderung des Open Access Publizierens in den Quantenwissenschaften}},
  volume = {3},
  pages = {116},
  month = jan,
  year = {2019}
}

@article{martens2013representational,
  title={On the representational efficiency of restricted {B}oltzmann machines},
  author={Martens, James and Chattopadhya, Arkadev and Pitassi, Toni and Zemel, Richard},
  journal={Advances in Neural Information Processing Systems},
  volume={26},
  year={2013}
}


@article{blanca2021hardness,
  title={Hardness of identity testing for restricted {B}oltzmann machines and Potts models},
  author={Blanca, Antonio and Chen, Zongchen and {\v{S}}tefankovi{\v{c}}, Daniel and Vigoda, Eric},
  journal={The Journal of Machine Learning Research},
  volume={22},
  number={1},
  pages={6727--6782},
  year={2021},
  publisher={JMLRORG}
}

@article{torlai2018neural,
  title={Neural-network quantum state tomography},
  author={Torlai, Giacomo and Mazzola, Guglielmo and Carrasquilla, Juan and Troyer, Matthias and Melko, Roger and Carleo, Giuseppe},
  journal={Nature Physics},
  volume={14},
  number={5},
  pages={447--450},
  year={2018},
  publisher={Nature Publishing Group UK London}
}

